@inproceedings{Tkaczyk2018,
  author    = {Tkaczyk, Dominika and Collins, Andrew and Sheridan, Paraic and Beel, Joeran},
  booktitle = {Proceedings of the 18th ACM/IEEE on joint conference on digital libraries},
  title     = {Machine learning vs. rules and out-of-the-box vs. retrained: An evaluation of open-source bibliographic reference and citation parsers},
  year      = {2018},
  pages     = {99--108},
}

@inproceedings{WagnerEmplSchryen2020,
  author    = {Wagner, Gerit and Empl, Philip and Schryen, Guido},
  booktitle = {European Conference on Information Systems},
  title     = {Designing a novel strategy for exploring literature corpora},
  year      = {2020},
}
