@article{unixphilo,
  added-at = {2010-10-27T03:37:29.000+0200},
  author = {McIlroy, M. D. and Pinson, E. N. and Tague, B. A.},
  biburl = {http://www.bibsonomy.org/bibtex/24ab8d6a2c7bc86d27c5d2c81f25647a0/liangzk},
  interhash = {382626d9d15ad4a16782c2601d84ff73},
  intrahash = {4ab8d6a2c7bc86d27c5d2c81f25647a0},
  journal = {The Bell System Technical Journal},
  keywords = {},
  number = {6, part 2},
  pages = {p.1902},
  timestamp = {2010-10-27T03:37:29.000+0200},
  title = {{Unix} Time-Sharing System Forward},
  volume = 57,
  year = 1978
}

@electronic{RAYMOND2004,
  added-at = {2013-11-04T21:29:33.000+0100},
  address = {Boston},
  author = {Raymond, E. S.},
  biburl = {http://www.bibsonomy.org/bibtex/25f73a4f702a722bc0ef284f2ab709480/soareschen},
  interhash = {11ec652280afba69b5627f3ab49b1680},
  intrahash = {5f73a4f702a722bc0ef284f2ab709480},
  isbn = {0131429019 9780131429017},
  keywords = {unix},
  publisher = {Addison-Wesley},
  refid = {850570332},
  timestamp = {2013-11-04T21:29:33.000+0100},
  title = {The {A}rt of {Unix} {P}rogramming},
  url = {http://www.faqs.org/docs/artu/},
  year = 2004
}

@book{REST,
  author = {Fielding, R. T.},
  title = {Architectural Styles and the Design of Network-based Software
    Architectures. Doctoral dissertation},
  publisher = {University of California, Irvine},
  url = {http://www.ics.uci.edu/~fielding/pubs/dissertation/rest_arch_style.htm},
  year = 2000
}

@techreport{XSLT,
  added-at = {2012-12-15T16:57:13.000+0100},
  biburl = {http://www.bibsonomy.org/bibtex/2234595c1bc23e0c0c8e8695159820b87/voj},
  author = {Clark, J.},
  editor = {Clark, J.},
  howpublished = {W3C Recommendation},
  interhash = {938bb5514bf2622b8945dad2ad04f6da},
  intrahash = {234595c1bc23e0c0c8e8695159820b87},
  keywords = {xslt},
  month = {11},
  timestamp = {2012-12-15T16:57:13.000+0100},
  title = {{XSL} Transformations ({XSLT}) Version 1.0},
  url = {http://www.w3.org/TR/xslt},
  year = 1999
}

@inproceedings{CLARIN,
  author = {Odijk, J.},
        booktitle = {Proceedings of the Seventh International Conference on Language Resources and Evaluation, {LREC}-2010},
        year = 2010,
        address = {Valletta, Malta},
        pages = {48-53},
  title = {The {CLARIN-NL} Project},
  url = {http://dblp.uni-trier.de/db/conf/lrec/lrec2010.html\#Odijk10},
  timestamp = {2010-07-21T16:07:27.000+0200},
  keywords = {dblp},
  ee = {http://www.lrec-conf.org/proceedings/lrec2010/summaries/70.html},
  added-at = {2010-07-21T16:07:27.000+0200},
  isbn = {2-9517408-6-7},
  biburl = {http://www.bibsonomy.org/bibtex/27f33b18b9e8df8c3db347e7fa9e13efd/dblp},
  date = {2010-06-02}
}

@inproceedings{PYTHON,
  added-at = {2008-01-14T00:00:00.000+0100},
  author = {van Rossum, G.},
  biburl = {http://www.bibsonomy.org/bibtex/24d1688c0bac883caeb83c788c8bc7aed/dblp},
  booktitle = {USENIX Annual Technical Conference},
  date = {2008-01-14},
  description = {dblp},
  interhash = {b7e0fcdcef77c07c78e8590f30a18eda},
  intrahash = {4d1688c0bac883caeb83c788c8bc7aed},
  keywords = {dblp},
  publisher = {USENIX},
  timestamp = {2008-01-14T00:00:00.000+0100},
  title = {Python Programming Language.},
  url = {http://dblp.uni-trier.de/db/conf/usenix/usenix2007.html#Rossum07},
  year = 2007
}

@article{HTTPAUTH,
  author = {Franks, J. and Hallam-Baker, P. and Hostelter, J. and Lawrence, S.
    and Leach, P. and Luotonen, A. and Stewart, L.},
  title = {HTTP Authentication: Basic and Digest Access Authentication (RFC2617)},
  publisher = {The Internet Engineering Task Force (IETF)},
  url = {http://tools.ietf.org/html/rfc2617},
  year = 1999,
}


@inproceedings{WEBLICHT,
  added-at = {2010-07-21T16:07:27.000+0200},
  author = {Hinrichs, M. and Zastrow, T. and Hinrichs, E. W.},
  biburl = {http://www.bibsonomy.org/bibtex/2efd2d290e470b0fc8c6f22bf1ce1017f/dblp},
  booktitle = {LREC},
  date = {2010-06-02},
  editor = {Calzolari, Nicoletta and Choukri, Khalid and Maegaard, Bente and Mariani, Joseph and Odijk, Jan and Piperidis, Stelios and Rosner, Mike and Tapias, Daniel},
  ee = {http://www.lrec-conf.org/proceedings/lrec2010/summaries/270.html},
  interhash = {b0661265d15c6cdf5a882e7b88accd29},
  intrahash = {efd2d290e470b0fc8c6f22bf1ce1017f},
  isbn = {2-9517408-6-7},
  keywords = {dblp},
  publisher = {European Language Resources Association},
  timestamp = {2010-07-21T16:07:27.000+0200},
  title = {WebLicht: Web-based {LRT} Services in a {D}istributed {eScience} {I}nfrastructure.},
  url = {http://dblp.uni-trier.de/db/conf/lrec/lrec2010.html#HinrichsZH10},
  year = 2010
}

@article{TAVERNA,
  abstract = {Taverna is an application that eases the use and integration of the growing number of molecular biology tools and databases available on the web, especially web services. It allows bioinformaticians to construct workflows or pipelines of services to perform a range of different analyses, such as sequence analysis and genome annotation. These high-level workflows can integrate many different resources into a single analysis. Taverna is available freely under the terms of the GNU Lesser General Public License (LGPL) from http://taverna.sourceforge.net/.},
  added-at = {2010-03-28T12:49:37.000+0200},
  author = {Hull, D. and Wolstencroft, K. and Stevens, R. and Goble, C. and
    Pocock, M. R. and Li, P. and Oinn, T.},
  biburl = {http://www.bibsonomy.org/bibtex/237fd83c6ae700e5db5388cf8cebb4c9b/wnpxrz},
  description = {Taverna: a tool for building and running workflows... [Nucleic Acids Res. 2006] - PubMed result},
  doi = {10.1093/nar/gkl320},
  interhash = {9bc191fd0c29e9e5806412d58a1264ea},
  intrahash = {37fd83c6ae700e5db5388cf8cebb4c9b},
  journal = {Nucleic Acids Res},
  keywords = {taverna workflow},
  month = jul,
  number = {Web Server issue},
  pages = {729-732},
  pmid = {16845108},
  timestamp = {2010-03-28T12:49:37.000+0200},
  title = {Taverna: a tool for building and running workflows of services},
  url = {http://www.ncbi.nlm.nih.gov/pubmed/16845108},
  volume = 34,
  year = 2006
}

@inproceedings{KEMPSSNIJDERS2012,
  added-at = {2013-03-07T00:00:00.000+0100},
  author = {Kemps-Snijders, M. and Brouwer, M. and Kunst, J.P. and Visser, T.},
  biburl = {http://www.bibsonomy.org/bibtex/20ace64cf212fac5e81ad118cf8261448/dblp},
  booktitle = {LREC},
  editor = {Calzolari, Nicoletta and Choukri, Khalid and Declerck, Thierry and Dogan, Mehmet Ugur and Maegaard, Bente and Mariani, Joseph and Odijk, Jan and Piperidis, Stelios},
  ee = {http://www.lrec-conf.org/proceedings/lrec2012/summaries/535.html},
  interhash = {5243886be0ff8b32e3e2e105ca020333},
  intrahash = {0ace64cf212fac5e81ad118cf8261448},
  isbn = {978-2-9517408-7-7},
  keywords = {dblp},
  pages = {2941-2944},
  publisher = {European Language Resources Association (ELRA)},
  timestamp = {2013-03-07T00:00:00.000+0100},
  title = {Dynamic web service deployment in a cloud environment.},
  url = {http://dblp.uni-trier.de/db/conf/lrec/lrec2012.html#Kemps-SnijdersBKV12},
  year = 2012
}


@article{FOLIA, 
    author = {van Gompel, M. and Reynaert, M.},
     title = {{F}o{L}i{A}: {A} practical {XML} {F}ormat for {L}inguistic {A}nnotation - a descriptive and comparative study},  
     journal = {Computational Linguistics in the Netherlands Journal},  
     volume = {3},                                                    
     year = {2013}, 
     month = {},  
     pages = {}
}


@techreport{OAUTH2,
    abstract = {The {OAuth} 2.0 authorization framework enables a third-party application to obtain limited access to an {HTTP} service, either on behalf of a resource owner by orchestrating an approval interaction between the resource owner and the {HTTP} service, or by allowing the third-party application to obtain access on its own behalf. This specification replaces and obsoletes the {OAuth} 1.0 protocol described in {RFC} 5849. [{STANDARDS}-{TRACK}]},
    address = {Fremont, CA, USA},
    author = {Hardt, Dick},
    citeulike-article-id = {11836766},
    citeulike-linkout-0 = {http://www.rfc-editor.org/rfc/rfc6749.txt},
    citeulike-linkout-1 = {http://www.rfc-editor.org/rfc/rfc6749.txt},
    citeulike-linkout-2 = {http://tools.ietf.org/html/rfc6749},
    citeulike-linkout-3 = {http://tools.ietf.org/rfc/rfc6749.txt},
    editor = {Hardt, Dick},
    howpublished = {Internet Requests for Comment},
    institution = {RFC Editor},
    issn = {2070-1721},
    keywords = {authentication, oauth, token, web},
    month = oct,
    number = {6749},
    posted-at = {2012-12-10 00:34:24},
    priority = {2},
    publisher = {RFC Editor},
    title = {The {OA}uth 2.0 Authorization Framework},
    type = {RFC},
    url = {http://www.rfc-editor.org/rfc/rfc6749.txt},
    year = {2012}
}
