@book{alessiEditionsCritiquesNumeriques2023,
  title = {Les {\'E}ditions Critiques Num{\'e}riques: Entre Tradition et Changement de Paradigme},
  shorttitle = {Les {\'E}ditions Critiques Num{\'e}riques},
  editor = {Alessi, Robert and Vitali Rosati, Marcello},
  year = {2023},
  series = {Parcours Num{\'e}riques},
  publisher = {{Les Presses de l'Universit{\'e} de Montr{\'e}al}},
  address = {{Montr{\'e}al}},
  abstract = {Les grandes collections d'{\'e}ditions critiques imprim{\'e}es d{\'e}terminent depuis le xix e si{\`e}cle les standards de qualit{\'e} dans la suite desquels il semble aujourd'hui naturel qu'elles s'inscrivent. Il est donc n{\'e}cessaire de comprendre l'{\'e}dition num{\'e}rique contemporaine dans la continuit{\'e} de cette tradition. Ce livre offre {\`a} la fois une r{\'e}flexion sur la d{\'e}finition des standards dans les {\'e}ditions num{\'e}riques et une analyse des m{\'e}thodes et des langages {\`a} mettre en {\oe}uvre et {\`a} apprendre pour les atteindre},
  isbn = {978-2-7606-4762-6},
  lccn = {Z286.E43 E335 2023},
  keywords = {Literature publishing,Scholarly electronic publishing}
}

@book{bonnetQuEstceQue2023,
  title = {{Qu"est-ce que la litt{\'e}raTube?}},
  author = {Bonnet, Gilles and F{\"u}l{\"o}p, Erika and Th{\'e}val, Ga{\"e}lle},
  year = {2023},
  publisher = {{Ateliers de [sens public]}},
  address = {{Montr{\'e}al, [Qu{\'e}bec]}},
  isbn = {978-2-924925-18-8},
  langid = {fre},
  annotation = {OCLC: 1394650072}
}

@book{cavalieExperimenterHumanitesNumeriques2017,
  title = {{Exp{\'e}rimenter les humanit{\'e}s num{\'e}riques: des outils individuels aux projets collectifs}},
  shorttitle = {{Exp{\'e}rimenter les humanit{\'e}s num{\'e}riques}},
  editor = {Cavali{\'e}, {\'E}tienne and Clavert, Fr{\'e}d{\'e}ric and Legendre, Olivier and Martin, Dana},
  year = {2017},
  series = {{Parcours num{\'e}riques}},
  publisher = {{Les Presses de l'Universit{\'e} de Montr{\'e}al}},
  address = {{Mont{\'e}al, Qu{\'e}bec}},
  isbn = {978-2-7606-3802-0},
  langid = {fre}
}

@book{develotteFabriqueInteractionParmi2021,
  title = {{Fabrique de l'interaction parmi les {\'e}crans: formes de pr{\'e}sences en recherche et en formation}},
  shorttitle = {{Fabrique de l'interaction parmi les {\'e}crans}},
  year = {2021},
  publisher = {{Ateliers de [sens public]}},
  address = {{Montr{\'e}al}},
  abstract = {"Qu'est-ce que la pr{\'e}sence aujourd'hui ? Comment adapter et s'approprier les nouvelles formes de pr{\'e}sence dans un contexte de recherche ? Comment former les futur{$\cdot$}e{$\cdot$}s chercheur{$\cdot$}e{$\cdot$}s {\`a} distance ? Quelles sont les implications de l'environnement num{\'e}rique sur le travail d'{\'e}quipe ?{\`A} l'heure o{\`u} la visioconf{\'e}rence devient norme, o{\`u} la plupart de nos {\'e}changes ont lieu {\`a} travers un {\'e}cran, cet ouvrage propose un ensemble de r{\'e}ponses -- une bo\^{\i}te {\`a} outils conceptuels -- adapt{\'e}es aux nouvelles r{\'e}alit{\'e}s et exp{\'e}riences de la vie de chercheur{$\cdot$}e{$\cdot$}s. Ces concepts et m{\'e}thodes ici cr{\'e}{\'e}s sont applicables {\`a} l'{\'e}tude de toute situation d'interaction par {\'e}cran, formelle et informelle (contexte professionnel, institutionnel, interpersonnel, etc.).Avec une approche interdisciplinaire, il {\'e}tudie les diff{\'e}rents aspects des interactions par {\'e}cran et analyse les effets des artefacts (robots de t{\'e}l{\'e}pr{\'e}sence) et des plateformes de visioconf{\'e}rence dans un contexte hybride m{\^e}lant pr{\'e}sence et distance : co-construction de l'attention, {\'e}mergence d'une intercorpor{\'e}it{\'e}, nouvelles normes de politesse, effets de pr{\'e}sence, gestion des bugs et des rat{\'e}s, impact sur la formation des doctorant{$\cdot$}e{$\cdot$}s{\dots} Les auteur{$\cdot$}e{$\cdot$}s, en se choisissant comme propre objet d'analyse, posent ici les bases d'une {\'e}thologie r{\'e}flexive visuelle pla{\c c}ant la multimodalit{\'e}, le v{\'e}cu subjectif et la sensorialit{\'e} au c{\oe}ur de l'analyse des interactions, de l'observation {\`a} la diffusion scientifiques.En coh{\'e}rence avec l'objet du livre, son format et son mode de production ont permis l'exp{\'e}rimentation d'un nouvel {\'e}cosyst{\`e}me de publication bas{\'e} sur des environnements de travail collaboratif {\`a} distance et sur la libre diffusion du savoir." -- Fourni par l'{\'e}diteur},
  collaborator = {Develotte, Christine},
  isbn = {978-2-924925-13-3},
  langid = {fre},
  annotation = {OCLC: 1302646740}
}

@book{develotteInteractionsScreensResearch2023a,
  title = {Interactions and Screens in Research and Education},
  author = {Develotte, Christine},
  year = {2023},
  publisher = {{Ateliers [sens public]}},
  address = {{Montr{\'e}al}},
  isbn = {978-2-924925-22-5},
  langid = {english},
  annotation = {OCLC: 1422828805}
}

@book{lankesExigeonsMeilleuresBibliotheques2018a,
  title = {{Exigeons de meilleures biblioth{\`e}ques: plaidoyer pour une biblioth{\'e}conomie nouvelle}},
  shorttitle = {{Exigeons de meilleures biblioth{\`e}ques}},
  author = {Lankes, R. David},
  year = {2018},
  publisher = {{Les Ateliers de [Sens public]}},
  address = {{Montr{\'e}al}},
  abstract = {"Les biblioth{\`e}ques existent depuis des mill{\'e}naires, mais sont-elles encore d'actualit{\'e} aujourd'hui ? Dans un monde de plus en plus num{\'e}rique et connect{\'e}, nos villes, nos coll{\`e}ges et nos {\'e}coles doivent-ils encore faire de la place aux livres ? Et si les biblioth{\`e}ques ne se r{\'e}sument pas {\`a} leur collection de livres, quelle est donc leur fonction ? Dans son ouvrage, Lankes soutient que les communaut{\'e}s, pour prosp{\'e}rer, ont besoin de biblioth{\`e}ques dont les pr{\'e}occupations d{\'e}passent leurs b{\^a}timents et les livres qu'ils contiennent. Nous devons donc attendre davantage de la part de nos biblioth{\`e}ques. Elles doivent {\^e}tre des lieux d'apprentissage qui ont {\`a} c{\oe}ur les int{\'e}r{\^e}ts de leurs communaut{\'e}s sur les enjeux de la protection de la vie priv{\'e}e, de la propri{\'e}t{\'e} intellectuelle et du d{\'e}veloppement {\'e}conomique. Exigeons de meilleures biblioth{\`e}ques est un cri de ralliement lanc{\'e} aux communaut{\'e}s pour qu'elles haussent leurs attentes {\`a} l'{\'e}gard des biblioth{\`e}ques."--Site web de l'{\'e}diteur},
  isbn = {978-2-924925-07-2 978-2-924925-08-9},
  langid = {fre}
}

@book{melletTitreLivreTest2024,
  title = {{Titre du livre test}},
  author = {Mellet, Margot and Monjour, Servanne},
  year = {2024},
  publisher = {{Ateliers de [sens public]}},
  address = {{Montr{\'e}al}},
  abstract = {Ici le r{\'e}sum{\'e} de mon livre.},
  langid = {french}
}

@book{monjourMythologiesPostphotographiquesInvention2018,
  title = {{Mythologies postphotographiques: l'invention litt{\'e}raire de l'image num{\'e}rique}},
  shorttitle = {{Mythologies postphotographiques}},
  author = {Monjour, Servanne},
  year = {2018},
  series = {{Parcours num{\'e}riques}},
  number = {10},
  publisher = {{les Presses de l'Universit{\'e} de Montr{\'e}al}},
  address = {{Montr{\'e}al}},
  abstract = {"D{\'e}sormais, nous sommes tous photographes. Les appareils int{\'e}gr{\'e}s {\`a} nos t{\'e}l{\'e}phones nous permettent de capter, de visualiser, de modifier et de partager nos photos sur les r{\'e}seaux sociaux en moins d'une minute. Omnipr{\'e}sente sur nos {\'e}crans, la photographie est devenue une nouvelle forme de langage. Alors que les clich{\'e}s s'accumulent par centaines sur nos disques durs, o{\`u} l'on finit par les oublier, certaines voix s'{\'e}l{\`e}vent pour se demander si, dans sa transition de l'argentique vers le num{\'e}rique, la photographie n'aurait pas perdu ce qui la rendait justement photographique. Pour comprendre ces mutations fascinantes - et un peu inqui{\'e}tantes - de la culture visuelle, l'auteure analyse les pratiques photographiques contemporaines, {\`a} la fois amateurs et artistiques, ainsi que les discours, surtout litt{\'e}raires, consacr{\'e}s {\`a} l'image. Elle d{\'e}cortique ainsi les nouvelles mythologies de l'image pour mieux les recadrer dans une histoire g{\'e}n{\'e}rale de l'id{\'e}e de la photographie, avec autant de brio que d'{\'e}rudition."-- 4{\`e}me de couv},
  isbn = {978-2-7606-3926-3 978-2-7606-3981-2 978-2-7606-3927-0 978-2-7606-3925-6},
  langid = {fre}
}

@book{mooreAgirConditionHyperconnectee2020a,
  title = {{L'agir en condition hyperconnect{\'e}e: art et images {\`a} l'{\oe}uvre}},
  shorttitle = {{L'agir en condition hyperconnect{\'e}e}},
  editor = {Moore, Jake and Proulx, Christelle},
  year = {2020},
  series = {{Parcours num{\'e}riques}},
  number = {11},
  publisher = {{Les Presses de l'Universit{\'e} de Montr{\'e}al}},
  address = {{Montr{\'e}al, Qu{\'e}bec}},
  abstract = {"La derni{\`e}re d{\'e}cennie est marqu{\'e}e par la multiplication et l'intrication des modes et des zones de connexion; avec les villes et les t{\'e}l{\'e}phones intelligents, les collectes de donn{\'e}es massives ou la connexion internet ambiante, une grande part de l'humanit{\'e} se trouve interreli{\'e}e de (presque) toutes parts. On qualifie ici cet {\'e}tat contemporain dans lequel s'hybrident les espaces en ligne et hors ligne de condition hyperconnect{\'e}e. {\`A} partir du moment o{\`u} cette hyperconnectivit{\'e} est {\'e}tablie en mode d'existence, que peut-on faire et que fait-on? Et comment penser au-del{\`a} de ce ph{\'e}nom{\`e}ne? Cet ouvrage rassemble diff{\'e}rentes perspectives sur l'{\'e}tude de l'art et des images afin de mieux cerner les (im)possibles de cette condition par le truchement d'un examen critique des mat{\'e}rialit{\'e}s et des repr{\'e}sentations produites en son sein. Les dispositifs num{\'e}riques int{\'e}gr{\'e}s {\`a} nos quotidiens, les machines autonomes, les corps et les regards sont actifs. Ils organisent, d{\'e}sirent et exacerbent des affects et des politiques - autant d'actions qui expriment les modalit{\'e}s de coexistence en condition hyperconnect{\'e}e."--Publisher's description},
  isbn = {978-2-7606-4286-7},
  langid = {french},
  lccn = {N72.T4 A35 2020},
  keywords = {Art and technology,Art and the Internet}
}

@book{theriaultLireNietzscheCoups2022,
  title = {{Lire Nietzsche {\`a} coups de sacoche: panorama des appropriations f{\'e}ministes de l'{\oe}uvre}},
  shorttitle = {{Lire Nietzsche {\`a} coups de sacoche}},
  year = {2022},
  publisher = {{Les Ateliers de [sens public]}},
  address = {{Montr{\'e}al}},
  abstract = {''Cet ouvrage tisse un fil d'Ariane jusque-l{\`a} invisible {\`a} partir d'un th{\`e}me fr{\'e}quent mais souvent occult{\'e} dans l'{\oe}uvre de Friedrich Nietzsche : la n{\'e}buleuse s{\'e}mantique qui englobe les femmes, la femme, le f{\'e}minin, la f{\'e}minit{\'e}. Sans vouloir r{\'e}habiliter les propos misogynes d'un intellectuel mal adapt{\'e} tant {\`a} son propre si{\`e}cle qu'{\`a} celui qui a suivi, M{\'e}lissa Th{\'e}riault prend le parti d'approcher Nietzsche avec s{\'e}rieux mais aussi avec le soup{\c c}on de d{\'e}sinvolture qui permet de ne pas rejeter une philosophie d'une telle richesse simplement parce que son auteur aura {\'e}t{\'e}... humain, trop humain, c'est-{\`a}-dire aveugle {\`a} ses propres travers. Car Nietzsche est aussi, gr{\^a}ce {\`a} sa position d'iconoclaste, le philosophe le plus {\`a} m{\^e}me de nous aider {\`a} d{\'e}velopper notre jugement critique et {\`a} comprendre les questions de notre si{\`e}cle. Cette monographie se veut introductive et accessible {\`a} un public non-initi{\'e} afin de lui permettre de naviguer dans l'{\oe}uvre d'un penseur magistral. Avec la collaboration de Cristiane Nascimento Rodrigues et Andreza Ferreira Silva.''-- Site de l'{\'e}diteur},
  collaborator = {Th{\'e}riault, M{\'e}lissa},
  isbn = {978-2-924925-17-1},
  langid = {fre},
  annotation = {OCLC: 1302646545}
}
