@misc{alex2019multinews,
    title={Multi-News: a Large-Scale Multi-Document Summarization Dataset and Abstractive Hierarchical Model},
    author={Alexander R. Fabbri and Irene Li and Tianwei She and Suyi Li and Dragomir R. Radev},
    year={2019},
    eprint={1906.01749},
    archivePrefix={arXiv},
    primaryClass={cs.CL}
}