% This bib file is for references that are not part of the review sample
% For example, this could be methodological papers or background literature

@online{WagnerPrester2024,
    author  = {Wagner, G. and Prester, J.},
    year    = {2024},
    title   = {CoLRev - A Framework for Collaborative Literature Reviews},
    url     = {https://github.com/CoLRev-Environment/colrev}
}
