@inproceedings{matton-etal-2024-leakage,
    title = "On Leakage of Code Generation Evaluation Datasets",
    author = "Matton, Alexandre  and
      Sherborne, Tom  and
      Aumiller, Dennis  and
      Tommasone, Elena  and
      Alizadeh, Milad  and
      He, Jingyi  and
      Ma, Raymond  and
      Voisin, Maxime  and
      Gilsenan-McMahon, Ellen  and
      Gall{\'e}, Matthias",
    editor = "Al-Onaizan, Yaser  and
      Bansal, Mohit  and
      Chen, Yun-Nung",
    booktitle = "Findings of the Association for Computational Linguistics: EMNLP 2024",
    month = nov,
    year = "2024",
    address = "Miami, Florida, USA",
    publisher = "Association for Computational Linguistics",
    url = "https://aclanthology.org/2024.findings-emnlp.772/",
    doi = "10.18653/v1/2024.findings-emnlp.772",
    pages = "13215--13223",
}