@article{Srivastava2008a,
   author                        = {Srivastava, Shirish C.},
   journal                       = {Information Resources Management Journal},
   title                         = {Business-related determinants of offshoring intensity},
   year                          = {2008},
   volume                        = {22},
   number                        = {1},
   language                      = {eng},
}

@article{Srivastava2015,
   author                        = {Srivastava, Shirish C. and Shainesh, G.},
   journal                       = {MIS Quarterly},
   title                         = {Bridging the service divide through digitally enabled service innovations: {E}vidence from {I}ndian healthcare service providers},
   year                          = {2015},
   volume                        = {39},
   number                        = {1},
   pages                         = {245--267},
   language                      = {eng},
}

@article{Stabell1998,
   author                        = {Stabell, Charles B. and Fjeldstad, Ã˜ystein D.},
   journal                       = {Strategic Management Journal},
   title                         = {Configuring value for competitive advantage: {O}n chains, shops, and networks},
   year                          = {1998},
   volume                        = {19},
   number                        = {5},
   pages                         = {413--437},
   language                      = {eng},
}

@article{Staehr2010,
   author                        = {Staehr, Lorraine},
   journal                       = {Information Systems Journal},
   title                         = {Understanding the role of managerial agency in achieving business benefits from {ERP} systems},
   year                          = {2010},
   volume                        = {20},
   number                        = {3},
   pages                         = {213--238},
   language                      = {eng},
}

@article{Stafford2011,
   author                        = {Stafford, T. F. and Turan, A. H.},
   journal                       = {European Journal of Information Systems},
   title                         = {Online tax payment systems as an emergent aspect of governmental transformation},
   year                          = {2011},
   volume                        = {20},
   number                        = {3},
   pages                         = {343--357},
   language                      = {eng},
}

@article{Stafford2016,
   author                        = {Stafford, Thomas F.},
   journal                       = {Communications of the Association for Information Systems},
   title                         = {Optimizing the business side of science: {P}ublication review cycles and process management considerations},
   year                          = {2016},
   volume                        = {38},
   number                        = {1},
   pages                         = {296--306},
   language                      = {eng},
}

@article{Stahl2004,
   author                        = {Stahl, Bernd Carsten and Elbeltagi, Ibrahim},
   journal                       = {Journal of Global Information Technology Management},
   title                         = {Cultural universality versus particularity in {CMC}},
   year                          = {2004},
   volume                        = {7},
   number                        = {4},
   pages                         = {47--65},
   language                      = {eng},
}

@article{Stahl2008,
   author                        = {Stahl, Bernd Carsten},
   journal                       = {Information Systems Journal},
   title                         = {The ethical nature of critical research in {I}nformation {S}ystems},
   year                          = {2008},
   volume                        = {18},
   number                        = {2},
   pages                         = {137--163},
   language                      = {eng},
}

@article{Stahl2011,
   author                        = {Stahl, Bernd Carsten and Tremblay, Monica Chiarini and LeRouge, Cynthia M.},
   journal                       = {European Journal of Information Systems},
   title                         = {Focus groups and critical social {IS} research: {H}ow the choice of method can promote emancipation of respondents and researchers},
   year                          = {2011},
   volume                        = {20},
   number                        = {4},
   pages                         = {378--394},
   language                      = {eng},
}

@article{Stahl2012,
   author                        = {Stahl, Bernd Carsten},
   journal                       = {Journal of the Association for Information Systems},
   title                         = {Morality, ethics, and reflection: {A} categorization of normative {IS} research},
   year                          = {2012},
   volume                        = {13},
   number                        = {8},
   pages                         = {636--656},
   language                      = {eng},
}

@article{Stahl2012a,
   author                        = {Stahl, Bernd Carsten},
   journal                       = {European Journal of Information Systems},
   title                         = {Responsible research and innovation in {I}nformation {S}ystems},
   year                          = {2012},
   volume                        = {21},
   number                        = {3},
   pages                         = {207--211},
   language                      = {eng},
}

@article{Stahl2012b,
   author                        = {Stahl, Bernd Carsten and Doherty, Neil F. and Shaw, Mark},
   journal                       = {Information Systems Journal},
   title                         = {Information security policies in the {UK} healthcare sector: {A} critical evaluation},
   year                          = {2012},
   volume                        = {22},
   number                        = {1},
   pages                         = {77--94},
   language                      = {eng},
}

@article{Stahl2014,
   author                        = {Stahl, Bernd Carsten and Eden, Grace and Jirotka, Marina and Coeckelbergh, Mark},
   journal                       = {Information \& Management},
   title                         = {From computer ethics to responsible research and innovation in {ICT}: {T}he transition of reference discourses informing ethics-related research in {I}nformation {S}ystems},
   year                          = {2014},
   volume                        = {51},
   number                        = {6},
   pages                         = {810--818},
   language                      = {eng},
}

@article{Stahl2014a,
   author                        = {Stahl, Bernd Carsten},
   journal                       = {European Journal of Information Systems},
   title                         = {Interpretive accounts and fairy tales: {A} critical polemic against the empiricist bias in interpretive {IS} research},
   year                          = {2014},
   volume                        = {23},
   number                        = {1},
   pages                         = {1--11},
   language                      = {eng},
}

@article{Standing2007,
   author                        = {Standing, Craig and Lin, Chad},
   journal                       = {International Journal of Electronic Commerce},
   title                         = {Organizational evaluation of the benefits, constraints, and satisfaction of business-to-business electronic commerce},
   year                          = {2007},
   volume                        = {11},
   number                        = {3},
   pages                         = {107--134},
   language                      = {eng},
}

@article{Standing2009,
   author                        = {Standing, Craig and Sims, Ian and Love, Peter},
   journal                       = {Information \& Management},
   title                         = {{IT} non-conformity in institutional environments: {E}-marketplace adoption in the government sector},
   year                          = {2009},
   volume                        = {46},
   number                        = {2},
   pages                         = {138--149},
   language                      = {eng},
}

@article{Standing2010,
   author                        = {Standing, Susan and Standing, Craig and Love, Peter E. D.},
   journal                       = {Decision Support Systems},
   title                         = {A review of research on e-marketplaces 1997\textendash 2008},
   year                          = {2010},
   volume                        = {49},
   number                        = {1},
   pages                         = {41--51},
   month                         = {April},
   language                      = {eng},
}

@article{Standing2014,
   author                        = {Standing, Craig and Gururajan, Raj and Standing, Susan and Cripps, Helen},
   journal                       = {Journal of Organizational Computing and Electronic Commerce},
   title                         = {Making the most of virtual expertise in telemedicine and telehealth environment},
   year                          = {2014},
   volume                        = {24},
   number                        = {2-3},
   pages                         = {138--156},
   language                      = {eng},
}

@article{Stanoevska-Slabeva2002,
   author                        = {Stanoevska-Slabeva, Katarina},
   journal                       = {International Journal of Electronic Commerce},
   title                         = {Toward a community-oriented design of internet platforms},
   year                          = {2002},
   volume                        = {6},
   number                        = {3},
   pages                         = {71--95},
   publisher                     = {Taylor \& Francis},
   language                      = {eng},
}

@inproceedings{Stanovsky2017,
   author                        = {Stanovsky, G. and Eckle-Kohler, J. and Puzikov, Y. and Dagan, I. and Gurevych, I.},
   booktitle                     = {Proceedings of the Annual Meeting of the Association for Computational Linguistics},
   title                         = {Integrating deep linguistic features in factuality prediction over unified datasets},
   year                          = {2017},
   pages                         = {352--357},
   language                      = {eng},
}

@article{Staples2008,
   author                        = {Staples, D. Sandy and Webster, Jane},
   journal                       = {Information Systems Journal},
   title                         = {Exploring the effects of trust, task interdependence and virtualness on knowledge sharing in teams},
   year                          = {2008},
   volume                        = {18},
   number                        = {6},
   pages                         = {617--640},
   month                         = {November},
   language                      = {eng},
}

@article{Starbuck2005,
   author                        = {Starbuck, William H.},
   journal                       = {Organization Science},
   title                         = {How much better are the most-prestigious journals? {T}he statistics of academic publication},
   year                          = {2005},
   volume                        = {16},
   number                        = {2},
   pages                         = {180--200},
   language                      = {eng},
}

@article{Starbuck2016,
   author                        = {Starbuck, William H.},
   journal                       = {Administrative Science Quarterly},
   title                         = {60th anniversary essay: {H}ow journals could improve research practices in social science},
   year                          = {2016},
   volume                        = {61},
   number                        = {2},
   pages                         = {165--183},
   language                      = {eng},
}

@article{Steelman2014,
   author                        = {Steelman, Zachary R. and Hammer, Bryan I. and Limayem, Moez},
   journal                       = {MIS Quarterly},
   title                         = {Data collection in the digital age: {I}nnovative alternatives to student samples},
   year                          = {2014},
   volume                        = {38},
   number                        = {2},
   pages                         = {355--378},
   language                      = {eng},
}

@article{Steffensen1979,
   author                        = {Steffensen, Margaret S. and Joag-Dev, Chitra and Anderson, Richard C.},
   journal                       = {Reading Research Quarterly},
   title                         = {A cross-cultural perspective on reading comprehension},
   year                          = {1979},
   volume                        = {15},
   number                        = {1},
   pages                         = {10--29},
   language                      = {eng},
}

@article{Stein1995,
   author                        = {Stein, Eric W. and Zwass, Vladimir},
   journal                       = {Information Systems Research},
   title                         = {Actualizing organizational memory with information systems},
   year                          = {1995},
   volume                        = {6},
   number                        = {2},
   pages                         = {85--117},
   language                      = {eng},
}

@article{Stein2014,
   author                        = {Stein, Mari-Klara and Galliers, Robert D. and Whitley, Edgar A.},
   journal                       = {European Journal of Information Systems},
   title                         = {Twenty years of the {E}uropean {I}nformation {S}ystems {A}cademy at {ECIS}: {E}mergent trends and research topics},
   year                          = {2014},
   volume                        = {25},
   number                        = {1},
   pages                         = {1--15},
   language                      = {eng},
}

@article{Stein2014a,
   author                        = {Stein, Mari-Klara and Newell, Sue and Wagner, Erica L. and Galliers, Robert D.},
   journal                       = {Information and Organization},
   title                         = {Felt quality of sociomaterial relations: {I}ntroducing emotions into sociomaterial theorizing},
   year                          = {2014},
   volume                        = {24},
   number                        = {3},
   pages                         = {156--175},
   language                      = {eng},
}

@article{Stein2015,
   author                        = {Stein, Mari-Klara and Newell, Sue and Wagner, Erica L. and Galliers, Robert D.},
   journal                       = {MIS Quarterly},
   title                         = {Coping with information technology: {M}ixed emotions, vacillation, and nonconforming use patterns},
   year                          = {2015},
   volume                        = {39},
   number                        = {2},
   pages                         = {367--392},
   language                      = {eng},
}

@article{Steinbart2016,
   author                        = {Steinbart, Paul John and Keith, Mark J. and Babb, Jeffry Stephen},
   journal                       = {Information Systems Research},
   title                         = {Examining the continuance of secure behavior: {A} longitudinal field study of mobile device authentication},
   year                          = {2016},
   volume                        = {27},
   number                        = {2},
   pages                         = {219--239},
   language                      = {eng},
}
