@inproceedings{elliott1997functional,
  title={Functional reactive animation},
  author={Elliott, Conal and Hudak, Paul},
  booktitle={Proceedings of the second ACM SIGPLAN international conference on Functional programming},
  pages={263--273},
  year={1997}
}

@article{perez2016functional,
  title={Functional reactive programming, refactored},
  author={Perez, Ivan and B{\"a}renz, Manuel and Nilsson, Henrik},
  journal={ACM SIGPLAN Notices},
  volume={51},
  number={12},
  pages={33--44},
  year={2016},
  publisher={ACM New York, NY, USA}
}

@inproceedings{nilsson2002functional,
  title={Functional reactive programming, continued},
  author={Nilsson, Henrik and Courtney, Antony and Peterson, John},
  booktitle={Proceedings of the 2002 ACM SIGPLAN workshop on Haskell},
  pages={51--64},
  year={2002}
}

@misc{polars,
  author = {Polars Developers},
  title = {Polars: Lightning-fast DataFrame library},
  year = {2025},
  url = {https://github.com/pola-rs/polars}
}

@article{paterson2001new,
  title={A new notation for arrows},
  author={Paterson, Ross},
  journal={ACM SIGPLAN Notices},
  volume={36},
  number={10},
  pages={229--240},
  year={2001},
  publisher={ACM New York, NY, USA}
}

@inproceedings{wadler1995monads,
  title={Monads for functional programming},
  author={Wadler, Philip},
  booktitle={Advanced Functional Programming: First International Spring School on Advanced Functional Programming Techniques B{\aa}stad, Sweden, May 24--30, 1995 Tutorial Text 1},
  pages={24--52},
  year={1995},
  organization={Springer}
}

@book{danvy1991representing,
  title={Representing control},
  author={Danvy, Olivier and Filinski, Andrzej},
  year={1991},
  publisher={Citeseer}
}