@article{banbury2024wake,
  title={Wake Vision: A Large-scale, Diverse Dataset and Benchmark Suite for TinyML Person Detection},
  author={Banbury, Colby and Njor, Emil and Stewart, Matthew and Warden, Pete and Kudlur, Manjunath and Jeffries, Nat and Fafoutis, Xenofon and Reddi, Vijay Janapa},
  journal={arXiv preprint arXiv:2405.00892},
  year={2024}
}
