@inproceedings{Zala2024DiagrammerGPT,
        author = {Abhay Zala and Han Lin and Jaemin Cho and Mohit Bansal},
        title = {DiagrammerGPT: Generating Open-Domain, Open-Platform Diagrams via LLM Planning},
        year = {2024},
        booktitle = {COLM},
}
