@online{bazargan_format_of_record,
  author = {Bazargan, Kaveh},
  title = {XML – Why it should be the “format of record”},
  urldate = "2022",
  url = {https://web.archive.org/web/20220920180031/https://rivervalley.io/format-of-record/},
}
