
@book{lankesExigeonsMeilleuresBibliotheques2018a,
  title = {{Exigeons de meilleures biblioth{\`e}ques: plaidoyer pour une biblioth{\'e}conomie nouvelle}},
  shorttitle = {{Exigeons de meilleures biblioth{\`e}ques}},
  author = {Lankes, R. David},
  year = {2018},
  publisher = {{Les Ateliers de [Sens public]}},
  address = {{Montr{\'e}al}},
  abstract = {"Les biblioth{\`e}ques existent depuis des mill{\'e}naires, mais sont-elles encore d'actualit{\'e} aujourd'hui ? Dans un monde de plus en plus num{\'e}rique et connect{\'e}, nos villes, nos coll{\`e}ges et nos {\'e}coles doivent-ils encore faire de la place aux livres ? Et si les biblioth{\`e}ques ne se r{\'e}sument pas {\`a} leur collection de livres, quelle est donc leur fonction ? Dans son ouvrage, Lankes soutient que les communaut{\'e}s, pour prosp{\'e}rer, ont besoin de biblioth{\`e}ques dont les pr{\'e}occupations d{\'e}passent leurs b{\^a}timents et les livres qu'ils contiennent. Nous devons donc attendre davantage de la part de nos biblioth{\`e}ques. Elles doivent {\^e}tre des lieux d'apprentissage qui ont {\`a} c{\oe}ur les int{\'e}r{\^e}ts de leurs communaut{\'e}s sur les enjeux de la protection de la vie priv{\'e}e, de la propri{\'e}t{\'e} intellectuelle et du d{\'e}veloppement {\'e}conomique. Exigeons de meilleures biblioth{\`e}ques est un cri de ralliement lanc{\'e} aux communaut{\'e}s pour qu'elles haussent leurs attentes {\`a} l'{\'e}gard des biblioth{\`e}ques."--Site web de l'{\'e}diteur},
  isbn = {978-2-924925-07-2 978-2-924925-08-9},
  langid = {fre}
}


@book{monjourMythologiesPostphotographiquesInvention2018,
  title = {{Mythologies postphotographiques: l'invention litt{\'e}raire de l'image num{\'e}rique}},
  shorttitle = {{Mythologies postphotographiques}},
  author = {Monjour, Servanne},
  year = {2018},
  series = {{Parcours num{\'e}riques}},
  number = {10},
  publisher = {{les Presses de l'Universit{\'e} de Montr{\'e}al}},
  address = {{Montr{\'e}al}},
  abstract = {"D{\'e}sormais, nous sommes tous photographes. Les appareils int{\'e}gr{\'e}s {\`a} nos t{\'e}l{\'e}phones nous permettent de capter, de visualiser, de modifier et de partager nos photos sur les r{\'e}seaux sociaux en moins d'une minute. Omnipr{\'e}sente sur nos {\'e}crans, la photographie est devenue une nouvelle forme de langage. Alors que les clich{\'e}s s'accumulent par centaines sur nos disques durs, o{\`u} l'on finit par les oublier, certaines voix s'{\'e}l{\`e}vent pour se demander si, dans sa transition de l'argentique vers le num{\'e}rique, la photographie n'aurait pas perdu ce qui la rendait justement photographique. Pour comprendre ces mutations fascinantes - et un peu inqui{\'e}tantes - de la culture visuelle, l'auteure analyse les pratiques photographiques contemporaines, {\`a} la fois amateurs et artistiques, ainsi que les discours, surtout litt{\'e}raires, consacr{\'e}s {\`a} l'image. Elle d{\'e}cortique ainsi les nouvelles mythologies de l'image pour mieux les recadrer dans une histoire g{\'e}n{\'e}rale de l'id{\'e}e de la photographie, avec autant de brio que d'{\'e}rudition."-- 4{\`e}me de couv},
  isbn = {978-2-7606-3926-3 978-2-7606-3981-2 978-2-7606-3927-0 978-2-7606-3925-6},
  langid = {fre}
}

@book{theriaultLireNietzscheCoups2022,
  title = {{Lire Nietzsche {\`a} coups de sacoche: panorama des appropriations f{\'e}ministes de l'{\oe}uvre}},
  shorttitle = {{Lire Nietzsche {\`a} coups de sacoche}},
  author = {Th{\'e}riault, M{\'e}lissa},
  year = {2022},
  publisher = {{Les Ateliers de [sens public]}},
  address = {{Montr{\'e}al}},
  abstract = {''Cet ouvrage tisse un fil d'Ariane jusque-l{\`a} invisible {\`a} partir d'un th{\`e}me fr{\'e}quent mais souvent occult{\'e} dans l'{\oe}uvre de Friedrich Nietzsche : la n{\'e}buleuse s{\'e}mantique qui englobe les femmes, la femme, le f{\'e}minin, la f{\'e}minit{\'e}. Sans vouloir r{\'e}habiliter les propos misogynes d'un intellectuel mal adapt{\'e} tant {\`a} son propre si{\`e}cle qu'{\`a} celui qui a suivi, M{\'e}lissa Th{\'e}riault prend le parti d'approcher Nietzsche avec s{\'e}rieux mais aussi avec le soup{\c c}on de d{\'e}sinvolture qui permet de ne pas rejeter une philosophie d'une telle richesse simplement parce que son auteur aura {\'e}t{\'e}... humain, trop humain, c'est-{\`a}-dire aveugle {\`a} ses propres travers. Car Nietzsche est aussi, gr{\^a}ce {\`a} sa position d'iconoclaste, le philosophe le plus {\`a} m{\^e}me de nous aider {\`a} d{\'e}velopper notre jugement critique et {\`a} comprendre les questions de notre si{\`e}cle. Cette monographie se veut introductive et accessible {\`a} un public non-initi{\'e} afin de lui permettre de naviguer dans l'{\oe}uvre d'un penseur magistral. Avec la collaboration de Cristiane Nascimento Rodrigues et Andreza Ferreira Silva.''-- Site de l'{\'e}diteur},
  isbn = {978-2-924925-17-1},
  langid = {fre},
  annotation = {OCLC: 1302646545}
}
