   @misc{colrev,
   author = {Wagner, G. and Prester, J.},
   title = {CoLRev - A Framework for Collaborative Literature Reviews},
   howpublished = {\url{https://github.com/CoLRev-Environment/colrev}},
   publisher = {GitHub},
   year = {2022},
   }
