@misc{stuff,
  author = "Jane Smith and others",
  title  = "Stuff and more stuff",
  year = 1999,
}
