@article{HaddawayPagePritchardEtAl2022,
  title={PRISMA2020: An R package and Shiny app for producing PRISMA 2020-compliant flow diagrams, with interactivity for optimised digital transparency and Open Synthesis},
  author={Haddaway, Neal R and Page, Matthew J and Pritchard, Chris C and McGuinness, Luke A},
  journal={Campbell Systematic Reviews},
  volume={18},
  number={2},
  pages={e1230},
  year={2022},
}

@article{PageMcKenzieBossuytEtAl2021,
  title={The PRISMA 2020 statement: an updated guideline for reporting systematic reviews},
  author={Page, Matthew J and McKenzie, Joanne E and Bossuyt, Patrick M and Boutron, Isabelle and Hoffmann, Tammy C and Mulrow, Cynthia D and Shamseer, Larissa and Tetzlaff, Jennifer M and Akl, Elie A and Brennan, Sue E and others},
  journal={Systematic Reviews},
  volume={10},
  number={1},
  pages={1--11},
  year={2021},
}
