@book{alessiEditionsCritiquesNumeriques2023,
  title = {{Les \'editions critiques num\'eriques : entre tradition et changement de paradigme}},
  shorttitle = {{Les \'editions critiques num\'eriques}},
  editor = {Alessi, Robert and {Vitali-Rosati}, Marcello},
  year = {2023},
  month = mar,
  series = {{Parcours Num\'eriques}},
  number = {12},
  publisher = {{Les Presses de l'Universit\'e de Montr\'eal}},
  address = {{Montr\'eal}},
  abstract = {Les grandes collections d'\'editions critiques imprim\'ees d\'eterminent depuis le XIXe si\`ecle les standards de qualit\'e dans la suite desquels il semble aujourd'hui naturel qu'elles s'inscrivent. Il est donc n\'ecessaire de comprendre l'\'edition num\'erique contemporaine dans la continuit\'e de cette tradition. Ce livre offre \`a la fois une r\'eflexion sur la d\'efinition des standards dans les \'editions num\'eriques et une analyse des m\'ethodes et des langages \`a mettre en \oe uvre et \`a apprendre pour les atteindre.},
  isbn = {978-2-7606-4762-6},
  langid = {french}
}

@book{develotte_fabrique_2021,
	address = {Montréal},
	title = {Fabrique de l'interaction parmi les écrans. {Formes} de présences en recherche et en formation},
	isbn = {978-2-924925-10-2},
  abstract = {Qu'est-ce que la présence aujourd'hui ? Comment adapter et s'approprier les nouvelles formes de présence dans un contexte de recherche ? Comment former les futur·e·s chercheur·e·s à distance ? Quelles sont les implications de l'environnement numérique sur le travail d'équipe ?
  À l'heure où la visioconférence devient norme, où la plupart de nos échanges ont lieu à travers un écran, cet ouvrage propose un ensemble de réponses -- une boîte à outils conceptuels -- adaptées aux nouvelles réalités et expériences de la vie de chercheur·e·s. Ces concepts et méthodes ici créés sont applicables à l'étude de toute situation d'interaction par écran, formelle et informelle (contexte professionnel, institutionnel, interpersonnel, etc.).
  Avec une approche interdisciplinaire, il étudie les différents aspects des interactions par écran et analyse les effets des artefacts (robots de téléprésence) et des plateformes de visioconférence dans un contexte hybride mêlant présence et distance : co-construction de l'attention, émergence d'une intercorporéité, nouvelles normes de politesse, effets de présence, gestion des bugs et des ratés, impact sur la formation des doctorant·e·s... Les auteur·e·s, en se choisissant comme propre objet d'analyse, posent ici les bases d'une éthologie réflexive visuelle plaçant la multimodalité, le vécu subjectif et la sensorialité au cœur de l’analyse des interactions, de l’observation à la diffusion scientifiques.
  En cohérence avec l'objet du livre, son format et son mode de production ont permis l'expérimentation d'un nouvel écosystème de publication basé sur des environnements de travail collaboratif à distance et sur la libre diffusion du savoir.},
	shorttitle = {Fabrique de l'interaction parmi les écrans},
	url = {http://ateliers.sens-public.org/fabrique-de-l-interaction-parmi-les-ecrans/index.html},
	language = {fr},
	publisher = {Les Ateliers de [sens public]},
	author = {Develotte, Christine and Bouquain, Amélie and Codreanu, Tatiana and Combe, Christelle and Domanchin, Morgane and El Hachani, Mabrouka and Furnon, Dorothée and Grassin, Jean-François and Ibnelkaïd, Samira and Rémon, Joséphine and Vincent, Caroline},
	year = {2021},
}
