@book{alessiEditionsCritiquesNumeriques2023,
  title = {Les {\'E}ditions Critiques Num{\'e}riques: Entre Tradition et Changement de Paradigme},
  shorttitle = {Les {\'E}ditions Critiques Num{\'e}riques},
  editor = {Alessi, Robert and Vitali Rosati, Marcello},
  year = {2023},
  series = {Parcours Num{\'e}riques},
  publisher = {{Les Presses de l'Universit{\'e} de Montr{\'e}al}},
  address = {{Montr{\'e}al}},
  abstract = {Les grandes collections d'{\'e}ditions critiques imprim{\'e}es d{\'e}terminent depuis le xix e si{\`e}cle les standards de qualit{\'e} dans la suite desquels il semble aujourd'hui naturel qu'elles s'inscrivent. Il est donc n{\'e}cessaire de comprendre l'{\'e}dition num{\'e}rique contemporaine dans la continuit{\'e} de cette tradition. Ce livre offre {\`a} la fois une r{\'e}flexion sur la d{\'e}finition des standards dans les {\'e}ditions num{\'e}riques et une analyse des m{\'e}thodes et des langages {\`a} mettre en {\oe}uvre et {\`a} apprendre pour les atteindre},
  isbn = {978-2-7606-4762-6},
  lccn = {Z286.E43 E335 2023},
  keywords = {Literature publishing,Scholarly electronic publishing}
}

@book{bonnetQuEstceQue2023,
  title = {{Qu"est-ce que la litt{\'e}raTube?}},
  author = {Bonnet, Gilles and F{\"u}l{\"o}p, Erika and Th{\'e}val, Ga{\"e}lle},
  year = {2023},
  publisher = {{Ateliers de [sens public]}},
  address = {{Montr{\'e}al, [Qu{\'e}bec]}},
  isbn = {978-2-924925-18-8},
  langid = {fre},
  annotation = {OCLC: 1394650072}
}

@book{cavalieExperimenterHumanitesNumeriques2017,
  title = {{Exp{\'e}rimenter les humanit{\'e}s num{\'e}riques: des outils individuels aux projets collectifs}},
  shorttitle = {{Exp{\'e}rimenter les humanit{\'e}s num{\'e}riques}},
  editor = {Cavali{\'e}, {\'E}tienne and Clavert, Fr{\'e}d{\'e}ric and Legendre, Olivier and Martin, Dana},
  year = {2017},
  series = {{Parcours num{\'e}riques}},
  publisher = {{Les Presses de l'Universit{\'e} de Montr{\'e}al}},
  address = {{Mont{\'e}al, Qu{\'e}bec}},
  isbn = {978-2-7606-3802-0},
  langid = {fre}
}

@book{develotteFabriqueInteractionParmi2021,
  title = {{Fabrique de l'interaction parmi les {\'e}crans: formes de pr{\'e}sences en recherche et en formation}},
  shorttitle = {{Fabrique de l'interaction parmi les {\'e}crans}},
  year = {2021},
  publisher = {{Ateliers de [sens public]}},
  address = {{Montr{\'e}al}},
  abstract = {"Qu'est-ce que la pr{\'e}sence aujourd'hui ? Comment adapter et s'approprier les nouvelles formes de pr{\'e}sence dans un contexte de recherche ? Comment former les futur{$\cdot$}e{$\cdot$}s chercheur{$\cdot$}e{$\cdot$}s {\`a} distance ? Quelles sont les implications de l'environnement num{\'e}rique sur le travail d'{\'e}quipe ?{\`A} l'heure o{\`u} la visioconf{\'e}rence devient norme, o{\`u} la plupart de nos {\'e}changes ont lieu {\`a} travers un {\'e}cran, cet ouvrage propose un ensemble de r{\'e}ponses -- une bo\^{\i}te {\`a} outils conceptuels -- adapt{\'e}es aux nouvelles r{\'e}alit{\'e}s et exp{\'e}riences de la vie de chercheur{$\cdot$}e{$\cdot$}s. Ces concepts et m{\'e}thodes ici cr{\'e}{\'e}s sont applicables {\`a} l'{\'e}tude de toute situation d'interaction par {\'e}cran, formelle et informelle (contexte professionnel, institutionnel, interpersonnel, etc.).Avec une approche interdisciplinaire, il {\'e}tudie les diff{\'e}rents aspects des interactions par {\'e}cran et analyse les effets des artefacts (robots de t{\'e}l{\'e}pr{\'e}sence) et des plateformes de visioconf{\'e}rence dans un contexte hybride m{\^e}lant pr{\'e}sence et distance : co-construction de l'attention, {\'e}mergence d'une intercorpor{\'e}it{\'e}, nouvelles normes de politesse, effets de pr{\'e}sence, gestion des bugs et des rat{\'e}s, impact sur la formation des doctorant{$\cdot$}e{$\cdot$}s{\dots} Les auteur{$\cdot$}e{$\cdot$}s, en se choisissant comme propre objet d'analyse, posent ici les bases d'une {\'e}thologie r{\'e}flexive visuelle pla{\c c}ant la multimodalit{\'e}, le v{\'e}cu subjectif et la sensorialit{\'e} au c{\oe}ur de l'analyse des interactions, de l'observation {\`a} la diffusion scientifiques.En coh{\'e}rence avec l'objet du livre, son format et son mode de production ont permis l'exp{\'e}rimentation d'un nouvel {\'e}cosyst{\`e}me de publication bas{\'e} sur des environnements de travail collaboratif {\`a} distance et sur la libre diffusion du savoir." -- Fourni par l'{\'e}diteur},
  collaborator = {Develotte, Christine},
  isbn = {978-2-924925-13-3},
  langid = {fre},
  annotation = {OCLC: 1302646740}
}

@book{develotteInteractionsScreensResearch2023a,
  title = {Interactions and Screens in Research and Education},
  author = {Develotte, Christine},
  year = {2023},
  publisher = {{Ateliers [sens public]}},
  address = {{Montr{\'e}al}},
  isbn = {978-2-924925-22-5},
  langid = {english},
  annotation = {OCLC: 1422828805}
}
