@misc{stim,
  title = {Stim: A fast stabilizer circuit simulator},
  author = {Craig Gidney},
  howpublished = {https://github.com/quantumlib/Stim}
}

@article{mitiq,
  title={Mitiq: A software package for error mitigation on noisy quantum computers},
  author={LaRose, Ryan and others},
  journal={Quantum},
  year={2022}
}

@misc{openqasm3,
  title = {OpenQASM 3 Language Specification},
  howpublished = {https://openqasm.com}
}

@misc{qiskit1,
  title = {Qiskit 1.0},
  howpublished = {https://qiskit.org}
}

@misc{cotengra,
  title = {cotengra: Hyper-optimized TN contraction},
  howpublished = {https://github.com/jcmgray/cotengra}
}

@misc{quimb,
  title = {quimb: Quantum Information and Many-Body},
  howpublished = {https://github.com/jcmgray/quimb}
}

@misc{qualtran,
  title = {Qualtran},
  howpublished = {https://github.com/quantumlib/Qualtran}
}

@misc{mqtqcec,
  title = {MQT QCEC: Quantum Circuit Equivalence Checking},
  howpublished = {https://github.com/cda-tum/qcec}
}

@misc{mqtddsim,
  title = {MQT DDSIM: Decision Diagram-based Quantum Simulator},
  howpublished = {https://github.com/cda-tum/ddsim}
}

@misc{azureRE,
  title = {Azure Quantum Resource Estimator},
  howpublished = {https://learn.microsoft.com/azure/quantum/}
}

@article{gottesman1998heisenberg,
  title={The Heisenberg Representation of Quantum Computers},
  author={Gottesman, Daniel},
  journal={arXiv preprint quant-ph/9807006},
  year={1998}
}

@article{aaronson2004improved,
  title={Improved Simulation of Stabilizer Circuits},
  author={Aaronson, Scott and Gottesman, Daniel},
  journal={arXiv preprint quant-ph/0406196},
  year={2004}
}

@article{bravyi2016improved,
  title={Improved Classical Simulation of Quantum Circuits Dominated by Clifford Gates},
  author={Bravyi, Sergey and Gosset, David},
  journal={arXiv preprint arXiv:1601.07601},
  year={2016}
}

@article{markov2008simulating,
  title={Simulating quantum computation by contracting tensor networks},
  author={Markov, Igor L. and Shi, Yaoyun},
  journal={SIAM Journal on Computing},
  year={2008},
  note={arXiv:quant-ph/0511069}
}

@article{vidal2003efficient,
  title={Efficient Classical Simulation of Slightly Entangled Quantum Computations},
  author={Vidal, Guifr{\'e}},
  journal={Physical Review Letters},
  volume={91},
  number={14},
  pages={147902},
  year={2003}
}
