@article{tiwari2007hbat,
  title={HBAT: A Complete Package for Analysing Strong and Weak Hydrogen Bonds in Macromolecular Crystal Structures},
  author={Tiwari, Abhishek and Panigrahi, Sunil Kumar},
  journal={In Silico Biology},
  volume={7},
  number={6},
  pages={651--661},
  year={2007},
  doi={10.3233/ISI-2007-00337},
  publisher={IOS Press}
}

@article{berman2000protein,
  title={The protein data bank},
  author={Berman, Helen M and Westbrook, John and Feng, Zukang and Gilliland, Gary and Bhat, T N and Weissig, Helge and Shindyalov, Ilya N and Bourne, Philip E},
  journal={Nucleic acids research},
  volume={28},
  number={1},
  pages={235--242},
  year={2000},
  publisher={Oxford University Press}
}

@article{mcdonald1994satisfying,
  title={Satisfying hydrogen bonding potential in proteins},
  author={McDonald, Iain K and Thornton, Janet M},
  journal={Journal of molecular biology},
  volume={238},
  number={5},
  pages={777--793},
  year={1994},
  publisher={Elsevier}
}

@article{lindauer1996hbexplore,
  title={HBexplore--a new tool for identifying and analysing hydrogen bonding patterns in biological macromolecules},
  author={Lindauer, Klaus and Bendic, Cvetko and S{\"u}hnel, J{\"u}rgen},
  journal={Computer applications in the biosciences: CABIOS},
  volume={12},
  number={4},
  pages={281--289},
  year={1996},
  publisher={Oxford University Press}
}

@article{harris2020numpy,
  title={Array programming with NumPy},
  author={Harris, Charles R and Millman, K Jarrod and Van Der Walt, St{\'e}fan J and Gommers, Ralf and Virtanen, Pauli and Cournapeau, David and Wieser, Eric and Taylor, Julian and Berg, Sebastian and Smith, Nathaniel J and others},
  journal={Nature},
  volume={585},
  number={7825},
  pages={357--362},
  year={2020},
  publisher={Nature Publishing Group},
  doi={10.1038/s41586-020-2649-2}
}

@article{hunter2007matplotlib,
  title={Matplotlib: A 2D graphics environment},
  author={Hunter, John D},
  journal={Computing in science \& engineering},
  volume={9},
  number={3},
  pages={90--95},
  year={2007},
  publisher={IEEE Computer Society},
  doi={10.1109/MCSE.2007.55}
}

@inproceedings{hagberg2008networkx,
  title={Exploring network structure, dynamics, and function using NetworkX},
  author={Hagberg, Aric and Swart, Pieter and Chult, Daniel S},
  booktitle={Proceedings of the 7th Python in Science Conference},
  volume={11},
  pages={11--15},
  year={2008},
  organization={Pasadena, CA USA}
}

@misc{graphviz2024,
  title={Graphviz - Graph Visualization Software},
  author={{Graphviz Contributors}},
  year={2024},
  howpublished={\url{https://graphviz.org/}},
  note={Accessed: 2024-08-03}
}

@manual{tkinter2024,
  title={tkinter --- Python interface to Tcl/Tk},
  author={{Python Software Foundation}},
  year={2024},
  organization={Python Software Foundation},
  howpublished={\url{https://docs.python.org/3/library/tkinter.html}},
  note={Python Standard Library Documentation}
}