@book{monjourMythologiesPostphotographiquesInvention2018,
  title = {Mythologies postphotographiques : l'invention littéraire de l'image numérique},
  shorttitle = {Mythologies postphotographiques},
  author = {Monjour, Servanne},
  date = {2018},
  series = {Parcours numériques},
  number = {10},
  publisher = {Les Presses de l'Université de Montréal},
  location = {Montréal},
  url = {https://www.parcoursnumeriques-pum.ca/10-mythologies/},
  abstract = {"Désormais, nous sommes tous photographes. Les appareils intégrés à nos téléphones nous permettent de capter, de visualiser, de modifier et de partager nos photos sur les réseaux sociaux en moins d'une minute. Omniprésente sur nos écrans, la photographie est devenue une nouvelle forme de langage. Alors que les clichés s'accumulent par centaines sur nos disques durs, où l'on finit par les oublier, certaines voix s'élèvent pour se demander si, dans sa transition de l'argentique vers le numérique, la photographie n'aurait pas perdu ce qui la rendait justement photographique. Pour comprendre ces mutations fascinantes - et un peu inquiétantes - de la culture visuelle, l'auteure analyse les pratiques photographiques contemporaines, à la fois amateurs et artistiques, ainsi que les discours, surtout littéraires, consacrés à l'image. Elle décortique ainsi les nouvelles mythologies de l'image pour mieux les recadrer dans une histoire générale de l'idée de la photographie, avec autant de brio que d'érudition."– 4ème de couv},
  isbn = {978-2-7606-3926-3 978-2-7606-3981-2 978-2-7606-3927-0 978-2-7606-3925-6},
  langid = {fre}
}

@book{alessiEditionsCritiquesNumeriques2023,
  title = {Les éditions critiques numériques : entre tradition et changement de paradigme},
  shorttitle = {Les éditions critiques numériques},
  editor = {Alessi, Robert and Vitali Rosati, Marcello},
  date = {2023},
  series = {Parcours numériques},
  number = {12},
  publisher = {Les Presses de l'Université de Montréal},
  location = {Montréal},
  url = {https://www.parcoursnumeriques-pum.ca/12-editionscritiques/},
  abstract = {Les grandes collections d'éditions critiques imprimées déterminent depuis le xix e siècle les standards de qualité dans la suite desquels il semble aujourd'hui naturel qu'elles s'inscrivent. Il est donc nécessaire de comprendre l'édition numérique contemporaine dans la continuité de cette tradition. Ce livre offre à la fois une réflexion sur la définition des standards dans les éditions numériques et une analyse des méthodes et des langages à mettre en œuvre et à apprendre pour les atteindre},
  isbn = {978-2-7606-4762-6},
  langid = {fre},
  lccn = {Z286.E43 E335 2023},
  pagetotal = {208},
  keywords = {Literature publishing,Scholarly electronic publishing}
}
