@book{alessiEditionsCritiquesNumeriques2023,
  title = {Les éditions critiques numériques : entre tradition et changement de paradigme},
  shorttitle = {Les éditions critiques numériques},
  editor = {Alessi, Robert and Vitali Rosati, Marcello},
  date = {2023},
  series = {Parcours numériques},
  number = {12},
  publisher = {Les Presses de l'Université de Montréal},
  location = {Montréal},
  url = {https://www.parcoursnumeriques-pum.ca/12-editionscritiques/},
  abstract = {Les grandes collections d'éditions critiques imprimées déterminent depuis le xix e siècle les standards de qualité dans la suite desquels il semble aujourd'hui naturel qu'elles s'inscrivent. Il est donc nécessaire de comprendre l'édition numérique contemporaine dans la continuité de cette tradition. Ce livre offre à la fois une réflexion sur la définition des standards dans les éditions numériques et une analyse des méthodes et des langages à mettre en œuvre et à apprendre pour les atteindre},
  isbn = {978-2-7606-4762-6},
  langid = {fre},
  lccn = {Z286.E43 E335 2023},
  pagetotal = {208},
  keywords = {Literature publishing,Scholarly electronic publishing}
}

@book{bonnetQuEstceQue2023,
  title = {Qu'est-ce que la littéraTube ?},
  author = {Bonnet, Gilles and Fülöp, Erika and Théval, Gaëlle},
  date = {2023},
  publisher = {Les Ateliers de [sens public]},
  location = {Montréal},
  url = {https://ateliers.sens-public.org/qu-est-ce-que-la-litteratube/index.html},
  isbn = {978-2-924925-18-8},
  langid = {fre}
}

@book{cavalieExperimenterHumanitesNumeriques2017,
  title = {Expérimenter les humanités numériques : des outils individuels aux projets collectifs},
  shorttitle = {Expérimenter les humanités numériques},
  editor = {Cavalié, Étienne and Clavert, Frédéric and Legendre, Olivier and Martin, Dana},
  date = {2017},
  series = {Parcours numériques},
  number = {9},
  publisher = {Les Presses de l'Université de Montréal},
  location = {Montéal},
  url = {http://www.parcoursnumeriques-pum.ca/9-experimenter/},
  isbn = {978-2-7606-3802-0},
  langid = {fre},
  pagetotal = {165}
}

@book{collectifDocumentationPressoir2024,
  title = {Documentation du Pressoir},
  author = {Beauchef, Hélène and Delannay, Roch and Fauchié, Antoine and Larlet, David and Mellet, Margot and Monjour, Servanne and Sauret, Nicolas and Sinatra, Michael and Vitali Rosati, Marcello},
  date = {2024},
  publisher = {Chaire du recherche du Canada sur les écritures numériques},
  location = {Montréal},
  langid = {fre}
}

@book{develotteFabriqueInteractionParmi2021,
  title = {Fabrique de l'interaction parmi les écrans. Formes de présences en recherche et en formation},
  shorttitle = {Fabrique de l'interaction parmi les écrans},
  author = {Develotte, Christine and Bouquain, Amélie and Codreanu, Tatiana and Combe, Christelle and Domanchin, Morgane and El Hachani, Mabrouka and Furnon, Dorothée and Grassin, Jean-François and Ibnelkaïd, Samira and Rémon, Joséphine and Vincent, Caroline},
  date = {2021},
  publisher = {Les Ateliers de [sens public]},
  location = {Montréal},
  url = {https://ateliers.sens-public.org/fabrique-de-l-interaction-parmi-les-ecrans/index.html},
  abstract = {Qu'est-ce que la présence aujourd'hui ? Comment adapter et s'approprier les nouvelles formes de présence dans un contexte de recherche ? Comment former les futur⋅e⋅s chercheur⋅e⋅s à distance ? Quelles sont les implications de l'environnement numérique sur le travail d'équipe ? À l'heure où la visioconférence devient norme, où la plupart de nos échanges ont lieu à travers un écran, cet ouvrage propose un ensemble de réponses – une boîte à outils conceptuels – adaptées aux nouvelles réalités et expériences de la vie de chercheur⋅e⋅s. Ces concepts et méthodes ici créés sont applicables à l'étude de toute situation d'interaction par écran, formelle et informelle (contexte professionnel, institutionnel, interpersonnel, etc.). Avec une approche interdisciplinaire, il étudie les différents aspects des interactions par écran et analyse les effets des artefacts (robots de téléprésence) et des plateformes de visioconférence dans un contexte hybride mêlant présence et distance : co-construction de l'attention, émergence d'une intercorporéité, nouvelles normes de politesse, effets de présence, gestion des bugs et des ratés, impact sur la formation des doctorant⋅e⋅s... Les auteur⋅e⋅s, en se choisissant comme propre objet d'analyse, posent ici les bases d'une éthologie réflexive visuelle plaçant la multimodalité, le vécu subjectif et la sensorialité au cœur de l'analyse des interactions, de l'observation à la diffusion scientifiques. En cohérence avec l'objet du livre, son format et son mode de production ont permis l'expérimentation d'un nouvel écosystème de publication basé sur des environnements de travail collaboratif à distance et sur la libre diffusion du savoir.},
  isbn = {978-2-924925-10-2 978-2-924925-13-3},
  langid = {french}
}

@book{develotteInteractionsScreensResearch2023a,
  title = {Interactions and Screens in Research and Education},
  author = {Develotte, Christine and Bouquain, Amélie and Codreanu, Tatiana and Combe, Christelle and Domanchin, Morgane and El Hachani, Mabrouka and Furnon, Dorothée and Grassin, Jean-François and Ibnelkaïd, Samira and Rémon, Joséphine and Vincent, Caroline},
  date = {2023},
  publisher = {Les Ateliers de [sens public]},
  location = {Montréal},
  url = {https://ateliers.sens-public.org/interactions-and-screens-in-research-and-education/index.html},
  isbn = {978-2-924925-22-5},
  langid = {english}
}

@book{lankesExigeonsMeilleuresBibliotheques2018a,
  title = {Exigeons de meilleures bibliothèques : plaidoyer pour une bibliothéconomie nouvelle},
  shorttitle = {Exigeons de meilleures bibliothèques},
  author = {Lankes, R. David},
  date = {2018},
  publisher = {Les Ateliers de [sens public]},
  location = {Montréal},
  url = {https://ateliers.sens-public.org/exigeons-de-meilleures-bibliotheques/index.html},
  abstract = {"Les bibliothèques existent depuis des millénaires, mais sont-elles encore d'actualité aujourd'hui ? Dans un monde de plus en plus numérique et connecté, nos villes, nos collèges et nos écoles doivent-ils encore faire de la place aux livres ? Et si les bibliothèques ne se résument pas à leur collection de livres, quelle est donc leur fonction ? Dans son ouvrage, Lankes soutient que les communautés, pour prospérer, ont besoin de bibliothèques dont les préoccupations dépassent leurs bâtiments et les livres qu'ils contiennent. Nous devons donc attendre davantage de la part de nos bibliothèques. Elles doivent être des lieux d'apprentissage qui ont à cœur les intérêts de leurs communautés sur les enjeux de la protection de la vie privée, de la propriété intellectuelle et du développement économique. Exigeons de meilleures bibliothèques est un cri de ralliement lancé aux communautés pour qu'elles haussent leurs attentes à l'égard des bibliothèques."–Site web de l'éditeur},
  isbn = {978-2-924925-07-2 978-2-924925-08-9},
  langid = {fre}
}

@book{monjourMythologiesPostphotographiquesInvention2018,
  title = {Mythologies postphotographiques : l'invention littéraire de l'image numérique},
  shorttitle = {Mythologies postphotographiques},
  author = {Monjour, Servanne},
  date = {2018},
  series = {Parcours numériques},
  number = {10},
  publisher = {Les Presses de l'Université de Montréal},
  location = {Montréal},
  url = {https://www.parcoursnumeriques-pum.ca/10-mythologies/},
  abstract = {"Désormais, nous sommes tous photographes. Les appareils intégrés à nos téléphones nous permettent de capter, de visualiser, de modifier et de partager nos photos sur les réseaux sociaux en moins d'une minute. Omniprésente sur nos écrans, la photographie est devenue une nouvelle forme de langage. Alors que les clichés s'accumulent par centaines sur nos disques durs, où l'on finit par les oublier, certaines voix s'élèvent pour se demander si, dans sa transition de l'argentique vers le numérique, la photographie n'aurait pas perdu ce qui la rendait justement photographique. Pour comprendre ces mutations fascinantes - et un peu inquiétantes - de la culture visuelle, l'auteure analyse les pratiques photographiques contemporaines, à la fois amateurs et artistiques, ainsi que les discours, surtout littéraires, consacrés à l'image. Elle décortique ainsi les nouvelles mythologies de l'image pour mieux les recadrer dans une histoire générale de l'idée de la photographie, avec autant de brio que d'érudition."– 4ème de couv},
  isbn = {978-2-7606-3926-3 978-2-7606-3981-2 978-2-7606-3927-0 978-2-7606-3925-6},
  langid = {fre}
}

@book{mooreAgirConditionHyperconnectee2020a,
  title = {L'agir en condition hyperconnectée : art et images à l'œuvre},
  shorttitle = {L'agir en condition hyperconnectée},
  editor = {{moore}, jake and Proulx, Christelle},
  date = {2020},
  series = {Parcours numériques},
  number = {11},
  publisher = {Les Presses de l'Université de Montréal},
  location = {Montréal},
  url = {http://parcoursnumeriques-pum.ca/11-agir/},
  abstract = {"La dernière décennie est marquée par la multiplication et l'intrication des modes et des zones de connexion; avec les villes et les téléphones intelligents, les collectes de données massives ou la connexion internet ambiante, une grande part de l'humanité se trouve interreliée de (presque) toutes parts. On qualifie ici cet état contemporain dans lequel s'hybrident les espaces en ligne et hors ligne de condition hyperconnectée. À partir du moment où cette hyperconnectivité est établie en mode d'existence, que peut-on faire et que fait-on? Et comment penser au-delà de ce phénomène? Cet ouvrage rassemble différentes perspectives sur l'étude de l'art et des images afin de mieux cerner les (im)possibles de cette condition par le truchement d'un examen critique des matérialités et des représentations produites en son sein. Les dispositifs numériques intégrés à nos quotidiens, les machines autonomes, les corps et les regards sont actifs. Ils organisent, désirent et exacerbent des affects et des politiques - autant d'actions qui expriment les modalités de coexistence en condition hyperconnectée."–Publisher's description},
  isbn = {978-2-7606-4286-7},
  langid = {french},
  lccn = {N72.T4 A35 2020},
  pagetotal = {184},
  keywords = {Art and technology,Art and the Internet}
}

@book{severoContributionNumeriqueCultures2024,
  title = {Contribution numérique : cultures et savoirs},
  shorttitle = {Contribution numérique},
  author = {Severo, Marta and Delannay, Roch},
  date = {2024},
  publisher = {Les Ateliers de [sens public]},
  location = {Montréal},
  url = {https://ateliers.sens-public.org/contribution-numerique/index.html},
  abstract = {En juillet 2022, dans le cadre du projet ANR COLLABORA, avait lieu le forum « Contribution numérique, cultures, savoirs », réunissant citoyens et institutions culturelles dans un double objectif : d'une part marquer la conclusion d'un projet de recherche qui, pendant trois ans, s'était penché sur les diverses formes de contribution numérique dans les domaines culturels et du savoir ; de l'autre, inaugurer un nouveau mouvement de dialogue plaçant les professionnels au centre de la réflexion autour de la contribution numérique. Le défi de cet ouvrage est de restituer non seulement le contenu des échanges nés lors de cette rencontre, mais aussi l'esprit de cette journée et d'un réseau de dialogue naissant. Sont présentés ici les retours d'expérience de divers acteurs de terrain concernant les expérimentations de contribution numérique réalisées dans le cadre de leurs missions. Il est structuré en trois axes, reflétant les trois thèmes autour desquels s'est articulée la discussion du forum : les données, les partenaires et les contributeurs.},
  isbn = {978-2-924925-26-3 978-2-924925-28-7 978-2-924925-27-0 978-2-924925-29-4},
  langid = {french}
}

@book{theriaultLireNietzscheCoups2022,
  title = {Lire Nietzsche à coups de sacoche : panorama des appropriations féministes de l'œuvre},
  shorttitle = {Lire Nietzsche à coups de sacoche},
  author = {Thériault, Mélissa},
  date = {2022},
  publisher = {Les Ateliers de [sens public]},
  location = {Montréal},
  url = {https://ateliers.sens-public.org/lire-nietzsche-a-coups-de-sacoche/index.html},
  abstract = {”Cet ouvrage tisse un fil d'Ariane jusque-là invisible à partir d'un thème fréquent mais souvent occulté dans l'œuvre de Friedrich Nietzsche : la nébuleuse sémantique qui englobe les femmes, la femme, le féminin, la féminité. Sans vouloir réhabiliter les propos misogynes d'un intellectuel mal adapté tant à son propre siècle qu'à celui qui a suivi, Mélissa Thériault prend le parti d'approcher Nietzsche avec sérieux mais aussi avec le soupçon de désinvolture qui permet de ne pas rejeter une philosophie d'une telle richesse simplement parce que son auteur aura été... humain, trop humain, c'est-à-dire aveugle à ses propres travers. Car Nietzsche est aussi, grâce à sa position d'iconoclaste, le philosophe le plus à même de nous aider à développer notre jugement critique et à comprendre les questions de notre siècle. Cette monographie se veut introductive et accessible à un public non-initié afin de lui permettre de naviguer dans l'œuvre d'un penseur magistral. Avec la collaboration de Cristiane Nascimento Rodrigues et Andreza Ferreira Silva.”– Site de l'éditeur},
  isbn = {978-2-924925-17-1},
  langid = {fre}
}
