// TODO(smart_buildings_dataset): BibTeX citation
