@ARTICLE{2023A&A...680A..66A,
       author = {{Abe}, H. and {Abe}, K. and {Abe}, S. and {Acciari}, V.~A. and {Aguasca-Cabot}, A. and {Agudo}, I. and {Alvarez Crespo}, N. and {Aniello}, T. and {Ansoldi}, S. and {Antonelli}, L.~A. and {Aramo}, C. and {Arbet-Engels}, A. and {Arcaro}, C. and {Artero}, M. and {Asano}, K. and {Aubert}, P. and {Baack}, D. and {Babi{\'c}}, A. and {Baktash}, A. and {Bamba}, A. and {Baquero Larriva}, A. and {Baroncelli}, L. and {Barres de Almeida}, U. and {Barrio}, J.~A. and {Batkovi{\'c}}, I. and {Baxter}, J. and {Becerra Gonz{\'a}lez}, J. and {Bednarek}, W. and {Bernardini}, E. and {Bernardos}, M.~I. and {Bernete Medrano}, J. and {Berti}, A. and {Besenrieder}, J. and {Bhattacharjee}, P. and {Biederbeck}, N. and {Bigongiari}, C. and {Biland}, A. and {Bissaldi}, E. and {Blanch}, O. and {Bonnoli}, G. and {Bordas}, P. and {Bo{\v{s}}njak}, {\v{Z}}. and {Bulgarelli}, A. and {Burelli}, I. and {Burmistrov}, L. and {Buscemi}, M. and {Busetto}, G. and {Campoy Ordaz}, A. and {Cardillo}, M. and {Caroff}, S. and {Carosi}, A. and {Carosi}, R. and {Carrasco}, M.~S. and {Carretero-Castrillo}, M. and {Cassol}, F. and {Castro-Tirado}, A.~J. and {Cauz}, D. and {Cerasole}, D. and {Ceribella}, G. and {Chai}, Y. and {Cheng}, K. and {Chiavassa}, A. and {Chikawa}, M. and {Chytka}, L. and {Cifuentes}, A. and {Cikota}, S. and {Colombo}, E. and {Contreras}, J.~L. and {Cornelia}, A. and {Cortina}, J. and {Costantini}, H. and {Covino}, S. and {D'Amico}, G. and {D'Elia}, V. and {Da Vela}, P. and {Dalchenko}, M. and {Dazzi}, F. and {De Angelis}, A. and {de Bony de Lavergne}, M. and {De Lotto}, B. and {De Lucia}, M. and {de Menezes}, R. and {Del Peral}, L. and {Del Popolo}, A. and {Deleglise}, G. and {Delfino}, M. and {Delgado Mendez}, C. and {Delgado Mengual}, J. and {della Volpe}, D. and {Dellaiera}, M. and {Depaoli}, D. and {De Angelis}, A. and {Di Piano}, A. and {Di Pierro}, F. and {Di Pilato}, A. and {Di Tria}, R. and {Di Venere}, L. and {Dominik}, R.~M. and {Dominis Prester}, D. and {Donini}, A. and {Dorner}, D. and {Doro}, M. and {D{\'\i}az}, C. and {Eisenberger}, L. and {Els{\"a}sser}, D. and {Emery}, G. and {Escudero}, J. and {Fallah Ramazani}, V. and {Fari{\~n}a}, L. and {Fattorini}, A. and {Ferrara}, G. and {Ferrarotto}, F. and {Fiasson}, A. and {Foffano}, L. and {Font}, L. and {Freixas Coromina}, L. and {Fr{\"o}se}, S. and {Fukami}, S. and {Fukazawa}, Y. and {Garcia L{\'o}pez}, R.~J. and {Garcia}, E. and {Garczarczyk}, M. and {Garc{\'\i}a L{\'o}pez}, R.~J. and {Gasbarra}, C. and {Gasparrini}, D. and {Gasparyan}, S. and {Gaug}, M. and {Geyer}, D. and {Giesbrecht Paiva}, J.~G. and {Giglietto}, N. and {Giordano}, F. and {Gliwny}, P. and {Godinovi{\'c}}, N. and {Grau}, R. and {Green}, D. and {Green}, J.~G. and {Gunji}, S. and {G{\"u}nther}, P. and {Hackfeld}, J. and {Hadasch}, D. and {Hahn}, A. and {Hashiyama}, K. and {Hassan}, T. and {Hayashi}, K. and {Heckmann}, L. and {Heller}, M. and {Herrera Llorente}, J. and {Hirotani}, K. and {Hoffmann}, D. and {Horns}, D. and {Houles}, J. and {Hrabovsky}, M. and {Hrupec}, D. and {Hui}, D. and {H{\"u}tten}, M. and {Iarlori}, M. and {Imazawa}, R. and {Inada}, T. and {Inome}, Y. and {Ioka}, K. and {Iori}, M. and {Iotov}, R. and {Ishio}, K. and {Jacquemont}, M. and {Jim{\'e}nez Mart{\'\i}nez}, I. and {Jobst}, E. and {Jormanainen}, J. and {Jurysek}, J. and {Kagaya}, M. and {Karas}, V. and {Katagiri}, H. and {Kataoka}, J. and {Kerszberg}, D. and {Kluge}, G.~W. and {Kobayashi}, Y. and {Kohri}, K. and {Kong}, A. and {Kouch}, P.~M. and {Kubo}, H. and {Kushida}, J. and {Lainez}, M. and {Lamanna}, G. and {Lamastra}, A. and {Le Flour}, T. and {Leone}, F. and {Lindfors}, E. and {Linhoff}, L. and {Linhoff}, M. and {Lombardi}, S. and {Longo}, F. and {Loporchio}, S. and {Lorini}, A. and {Lozano Bahilo}, J. and {Luque-Escamilla}, P.~L. and {Lyard}, E. and {L{\'a}inez Lez{\'a}un}, M. and {L{\'o}pez-Coto}, R. and {L{\'o}pez-Moya}, M. and {L{\'o}pez-Oramas}, A. and {Machado de Oliveira Fraga}, B. and {Majumdar}, P. and {Makariev}, M. and {Mandat}, D. and {Maneva}, G. and {Manganaro}, M. and {Mangano}, S. and {Mang}, N. and {Manic{\`o}}, G. and {Mannheim}, K. and {Mariotti}, M. and {Marquez}, P. and {Marsella}, G. and {Martinez}, O. and {Mart{\'\i}nez}, G. and {Mart{\'\i}nez}, M. and {Mart{\'\i}}, J. and {Mas-Aguilar}, A. and {Maurin}, G. and {Mazin}, D. and {Menchiari}, S. and {Mender}, S. and {Mestre Guillen}, E. and {Micanovic}, S. and {Miceli}, D. and {Miener}, T. and {Miranda}, J.~M. and {Mirzoyan}, R. and {Mizuno}, T. and {Mi{\'c}anovi{\'c}}, S. and {Molero Gonz{\'a}lez}, M. and {Molina}, E. and {Mondal}, H.~A. and {Montaruli}, T. and {Monteiro}, I. and {Moralejo}, A. and {Morcuende}, D. and {Morselli}, A. and {Moya}, V. and {Muraishi}, H. and {Murase}, K. and {Nagataki}, S. and {Nakamori}, T. and {Nanci}, C. and {Neronov}, A. and {Neustroev}, V. and {Nickel}, L. and {Nievas Rosillo}, M. and {Nigro}, C. and {Nikoli{\'c}}, L. and {Nilsson}, K. and {Nishijima}, K. and {Njoh Ekoume}, T. and {Noda}, K. and {Nosek}, D. and {Nozaki}, S. and {Ohishi}, M. and {Ohtani}, Y. and {Oka}, T. and {Okumura}, A. and {Orito}, R. and {Otero-Santos}, J. and {Paiano}, S. and {Palatiello}, M. and {Paneque}, D. and {Pantaleo}, F.~R. and {Paoletti}, R. and {Paredes}, J.~M. and {Pavleti{\'c}}, L. and {Pech}, M. and {Pecimotika}, M. and {Peresano}, M. and {Persic}, M. and {Pfeiffle}, F. and {Pietropaolo}, E. and {Pihet}, M. and {Pirola}, G. and {Plard}, C. and {Podobnik}, F. and {Poireau}, V. and {Polo}, M. and {Pons}, E. and {Prada Moroni}, P.~G. and {Prandini}, E. and {Prast}, J. and {Principe}, G. and {Priyadarshi}, C. and {Prouza}, M. and {Rando}, R. and {Rhode}, W. and {Rib{\'o}}, M. and {Rico}, J. and {Righi}, C. and {Rizi}, V. and {Rodriguez Fernandez}, G. and {Rodr{\'\i}guez Fr{\'\i}as}, M.~D. and {Sahakyan}, N. and {Saito}, T. and {Sakurai}, S. and {Sanchez}, D.~A. and {Satalecka}, K. and {Sato}, M. and {Sato}, Y. and {Saturni}, F.~G. and {Savchenko}, V. and {Schleicher}, B. and {Schmidt}, K. and {Schmuckermaier}, F. and {Schubert}, J.~L. and {Schussler}, F. and {Schweizer}, T. and {Sciaccaluga}, A. and {Siegert}, T. and {Silvia}, R. and {Sitarek}, J. and {Sliusar}, V. and {Sobczynska}, D. and {Spolon}, A. and {Stamerra}, A. and {Stri{\v{s}}kovi{\'c}}, J. and {Strom}, D. and {Strzys}, M. and {Suda}, Y. and {Suutarinen}, S. and {{\v{S}}ari{\'c}}, T. and {Tajima}, H. and {Takahashi}, H. and {Takahashi}, M. and {Takata}, J. and {Takeishi}, R. and {Tam}, P.~H.~T. and {Tanaka}, S.~J. and {Tateishi}, D. and {Tavecchio}, F. and {Temnikov}, P. and {Terada}, Y. and {Terauchi}, K. and {Terzi{\'c}}, T. and {Teshima}, M. and {Tluczykont}, M. and {Tokanai}, F. and {Torres}, D.~F. and {Tosti}, L. and {Travnicek}, P. and {Truzzi}, S. and {Tutone}, A. and {Ubach}, S. and {Vacula}, M. and {Vallania}, P. and {van Scherpenberg}, J. and {Vazquez Acosta}, M. and {Ventura}, S. and {Verguilov}, V. and {Viale}, I. and {Vigliano}, A. and {Vigorito}, C.~F. and {Visentin}, E. and {Vitale}, V. and {Voutsinas}, G. and {Vovk}, I. and {Vuillaume}, T. and {V{\'a}zquez Acosta}, M. and {Walter}, R. and {Wei}, Z. and {Will}, M. and {Yamamoto}, T. and {Yamazaki}, R. and {Yoshida}, T. and {Yoshikoshi}, T. and {Zywucka}, N.},
        title = "{Performance of the joint LST-1 and MAGIC observations evaluated with Crab Nebula data}",
      journal = {Astronomy & Astrophysics},
     keywords = {instrumentation: detectors, methods: data analysis, gamma rays: general, Astrophysics - Instrumentation and Methods for Astrophysics, Astrophysics - High Energy Astrophysical Phenomena},
         year = 2023,
        month = dec,
       volume = {680},
          eid = {A66},
        pages = {A66},
          doi = {10.1051/0004-6361/202346927},
archivePrefix = {arXiv},
       eprint = {2310.01954},
 primaryClass = {astro-ph.IM},
       adsurl = {https://ui.adsabs.harvard.edu/abs/2023A&A...680A..66A},
      adsnote = {Provided by the SAO/NASA Astrophysics Data System}
}
