@article{alphagenome,
  title={{AlphaGenome}: advancing regulatory variant effect prediction with a unified {DNA} sequence model},
  author={Avsec, {\v Z}iga and Latysheva, Natasha and Cheng, Jun and Novati, Guido and Taylor, Kyle R. and Ward, Tom and Bycroft, Clare and Nicolaisen, Lauren and Arvaniti, Eirini and Pan, Joshua and Thomas, Raina and Dutordoir, Vincent and Perino, Matteo and De, Soham and Karollus, Alexander and Gayoso, Adam and Sargeant, Toby and Mottram, Anne and Wong, Lai Hong and Drot{\'a}r, Pavol and Kosiorek, Adam and Senior, Andrew and Tanburn, Richard and Applebaum, Taylor and Basu, Souradeep and Hassabis, Demis and Kohli, Pushmeet},
  year={2025},
  doi={https://doi.org/10.1101/2025.06.25.661532},
  publisher={Cold Spring Harbor Laboratory},
  journal={bioRxiv}
}

@article{gtex2020gtex,
  title={The GTEx Consortium atlas of genetic regulatory effects across human tissues},
  author={GTEx Consortium},
  journal={Science},
  volume={369},
  number={6509},
  pages={1318--1330},
  year={2020},
  publisher={American Association for the Advancement of Science}
}

@article{zhou2022sequence,
  title={Sequence-based modeling of three-dimensional genome architecture from kilobase to chromosome scale},
  author={Zhou, Jian},
  journal={Nature genetics},
  volume={54},
  number={5},
  pages={725--734},
  year={2022},
  publisher={Nature Publishing Group US New York}
}

@article{borzoi,
  title={Predicting RNA-seq coverage from DNA sequence as a unifying model of gene regulation},
  author={Linder, Johannes and Srivastava, Divyanshi and Yuan, Han and Agarwal, Vikram and Kelley, David R},
  journal={Nature Genetics},
  pages={1--13},
  year={2025},
  publisher={Nature Publishing Group US New York}
}

@article{spliceai,
  title={Predicting splicing from primary sequence with deep learning},
  author={Jaganathan, Kishore and Panagiotopoulou, Sofia Kyriazopoulou and McRae, Jeremy F and Darbandi, Siavash Fazel and Knowles, David and Li, Yang I and Kosmicki, Jack A and Arbelaez, Juan and Cui, Wenwu and Schwartz, Grace B and others},
  journal={Cell},
  volume={176},
  number={3},
  pages={535--548},
  year={2019},
  publisher={Elsevier}
}
