
@phdthesis{reed_entanglement_2013,
    type = {{PhD} {Dissertation}},
    title = {Entanglement and {Quantum} {Error} {Correction} with {Superconducting} {Qubits}},
    url = {https://arxiv.org/pdf/1311.6759.pdf},
    school = {Yale University},
    author = {Reed, M.D.},
    year = {2013},
}

@article{marques_logical_qubit_2021,
    title = {Logical-qubit operations in an error-detecting surface code},
    author = {Marques, J.F. and Varbanov, B.M. and Moreira, M.S. and Ali, H. and Muthusubramanian, N. and Zachariadis, C. and Battistel, F. and Beekman, M. and Haider, N. and Vlothuizen, W. and Bruno, A. and Terhal, B.M. and DiCarlo, L.},
    url = {https://arxiv.org/abs/2102.13071.pdf},
    journal = {arXiv preprint arXiv:2102.13071},
    year = {2021},
}
