
@article{himmelstein_open_2019,
	title = {Open collaborative writing with {Manubot}},
	volume = {15},
	issn = {1553-7358},
	url = {https://dx.plos.org/10.1371/journal.pcbi.1007128},
	doi = {10.1371/journal.pcbi.1007128},
	language = {en},
	number = {6},
	urldate = {2023-09-17},
	journal = {PLOS Computational Biology},
	author = {Himmelstein, Daniel S. and Rubinetti, Vincent and Slochower, David R. and Hu, Dongbo and Malladi, Venkat S. and Greene, Casey S. and Gitter, Anthony},
	editor = {Schneidman-Duhovny, Dina},
	month = jun,
	year = {2019},
	pages = {e1007128},
}
