@article{1,
   doi                           = {10.1016/j.beth.2021.09.007},
   author                        = {Lim, SM and Shiau, CWC and Cheng, LJ and Lau, Y.},
   journal                       = {Behav Ther},
   title                         = {Chatbot-Delivered Psychotherapy for Adults With Depressive and Anxiety Symptoms: A Systematic Review and Meta-Regression},
   year                          = {2022},
   pmid                          = {35227408},
}

@article{2,
   doi                           = {10.2196/27850},
   author                        = {Xu, L and Sanders, L and Li, K and Chow, JCL.},
   journal                       = {JMIR Cancer},
   title                         = {Chatbot for Health Care and Oncology Applications Using Artificial Intelligence and Machine Learning: Systematic Review},
   year                          = {2021},
   pmid                          = {34847056},
   pmcid                         = {PMC8669585},
}

@article{3,
   doi                           = {10.1097/NCM.0000000000000504},
   author                        = {Schario, ME and Bahner, CA and Widenhofer, TV and Rajaballey, JI and Thatcher, EJ.},
   journal                       = {Prof Case Manag},
   title                         = {Chatbot-Assisted Care Management},
   year                          = {2022},
   pmid                          = {34846321},
}

@article{4,
   doi                           = {10.1177/14604582221146719},
   author                        = {Ahmed, A and Hassan, A and Aziz, S and Abd-Alrazaq, AA and Ali, N and Alzubaidi, M and Al-Thani, D and Elhusein, B and Siddig, MA and Ahmed, M and Househ, M.},
   journal                       = {Health Informatics J},
   title                         = {Chatbot features for anxiety and depression: A scoping review},
   year                          = {2023},
   pmid                          = {36693014},
}

@article{5,
   doi                           = {10.3389/fdgth.2021.617013},
   author                        = {Misrai, V and Pon, D and Charbonneau, H.},
   journal                       = {Front Digit Health},
   title                         = {While the Chatbot's Away, the Mice Will Play},
   year                          = {2021},
   pmid                          = {34713095},
   pmcid                         = {PMC8521912},
}

@article{6,
   doi                           = {10.1093/jamia/ocac014},
   author                        = {Amiri, P and Karahanna, E.},
   journal                       = {J Am Med Inform Assoc},
   title                         = {Chatbot use cases in the Covid-19 public health response},
   year                          = {2022},
   pmid                          = {35137107},
   pmcid                         = {PMC8903403},
}

