@article{flotho2022flow,
  author = {Flotho, P. and Nomura, S. and Kuhn, B. and Strauss, D. J.},
  title = {Software for Non-Parametric Image Registration of 2-Photon Imaging Data},
  year = {2022},
  journal = {J Biophotonics},
  doi = {10.1002/jbio.202100330},
  publisher = {Wiley Online Library}
}

@inproceedings{brox2004high,
  title = {High Accuracy Optical Flow Estimation Based on a Theory for Warping},
  author = {Brox, T. and Bruhn, A. and Papenberg, N. and Weickert, J.},
  booktitle = {Computer Vision - ECCV 2004},
  year = {2004},
  pages = {25--36},
  publisher = {Springer, Berlin, Heidelberg},
  series = {Lecture Notes in Computer Science},
  volume = {3024}
}

@article{bruhn2005lucas,
  title = {Lucas/Kanade Meets Horn/Schunck: Combining Local and Global Optic Flow Methods},
  author = {Bruhn, A. and Weickert, J. and Schn{\"o}rr, C.},
  journal = {International Journal of Computer Vision},
  volume = {61},
  number = {3},
  pages = {211--231},
  year = {2005},
  publisher = {Springer}
}

@inproceedings{sun2010secrets,
  title = {Secrets of Optical Flow Estimation and Their Principles},
  author = {Sun, D. and Roth, S. and Black, M. J.},
  booktitle = {2010 IEEE Computer Society Conference on Computer Vision and Pattern Recognition},
  pages = {2432--2439},
  year = {2010},
  organization = {IEEE}
}
