@article{AbcouwerTakacsSolymosy2021,
   colrev_origin                 = {CROSSREF.bib/001489;
                                    DBLP.bib/001510;
                                    pdfs.bib/0000001718;},
   colrev_status                 = {rev_synthesized},
   colrev_masterdata_provenance  = {journal:CROSSREF.bib/001489;;
                                    title:CROSSREF.bib/001489;;
                                    year:CROSSREF.bib/001489;;
                                    volume:CROSSREF.bib/001489;;
                                    author:CROSSREF.bib/001489;;
                                    pages:CROSSREF.bib/001489;;
                                    number:CROSSREF.bib/001489;not_missing;},
   colrev_data_provenance        = {colrev_pdf_id:file|pdf_hash;;
                                    file:pdfs.bib/0000001718;;
                                    doi:pdfs.bib/0000001718;;
                                    dblp_key:DBLP.bib/001510;;
                                    url:DBLP.bib/001510;;
                                    language:LanguageDetector;;},
   colrev_pdf_id                 = {cpid2:ffffffffffffffffffffffffffffffffffffffff000003ff3ffffcff1ffff8ff3ffffffe000001fe000001ff0000fffe00000ffe0003ffff0003fffe0003ffffffffffffffffffffffffffffffffffffffffffffffffffff01ffffff0001fffe03fffffe000003fe000077ff000003fe000001fffffffffffffffffffffffff},
   screening_criteria            = {NA},
   file                          = {data/pdfs/48/AbcouwerTakacsSolymosy2021.pdf},
   doi                           = {10.17705/1CAIS.04825},
   dblp_key                      = {https://dblp.org/rec/journals/cais/AbcouwerTS21},
   author                        = {Abcouwer, Toon and Takács, Emoke and Solymosy, József},
   journal                       = {Communications of the Association for Information Systems},
   title                         = {Fine-tuning the Evaluation Focus in the University Cooperative Learning Model in Relation to the Pandemic},
   year                          = {2021},
   volume                        = {48},
   pages                         = {196--204},
   url                           = {https://aisel.aisnet.org/cais/vol48/iss1/25},
   language                      = {eng},
}
