@article{AlaviLeidner2001,
   colrev_origin                 = {lr_db.bib/Alavi2001;
                                    md_crossref.bib/000006;},
   colrev_status                 = {rev_prescreen_included},
   colrev_masterdata_provenance  = {journal:lr_db.bib/Alavi2001;;
                                    title:lr_db.bib/Alavi2001;;
                                    year:lr_db.bib/Alavi2001;;
                                    volume:lr_db.bib/Alavi2001;;
                                    pages:lr_db.bib/Alavi2001;;
                                    author:lr_db.bib/Alavi2001;;
                                    number:md_crossref.bib/000006;;},
   colrev_data_provenance        = {file:lr_db.bib/Alavi2001;;
                                    colrev_pdf_id:file|pdf_hash;;
                                    doi:md_crossref.bib/000006;;
                                    literature_review:manual;;},
   colrev_pdf_id                 = {cpid2:ffffffffffffffffffffc07ffa3fffffe000007fe000003ff079fffffffffffff10003ffe00003ffe0000fffe006bffffffffffff0fe007ff816003ff07e007ff07e007ff87e007ff01e007ff1fe007ff07f7ffff83e007ff3fe007ff002007ff002003ff3fe007ff7fe007ff002007ff0061ffffffffffffffcf9ffffffffff},
   screening_criteria            = {NA},
   doi                           = {10.2307/3250961},
   author                        = {Alavi, Maryam and Leidner, Dorothy E.},
   journal                       = {MIS Quarterly},
   title                         = {Review: Knowledge Management and Knowledge Management Systems: Conceptual Foundations and Research Issues},
   year                          = {2001},
   volume                        = {25},
   number                        = {1},
   pages                         = {107--136},
   cited_by                      = {10000},
   pdf_hash                      = {deprecated field that should be removed},
   language                      = {Non-Standard language format},
   literature_review             = {yes},
   colrev_status_backup          = {rev_synthesized},
}

@article{WagnerLukyanenkoParEtAl2022,
   colrev_origin                 = {md_crossref.bib/000012;
                                    pdfs.bib/000008;},
   colrev_status                 = {rev_synthesized},
   colrev_masterdata_provenance  = {journal:pdfs.bib/000008;;
                                    title:md_crossref.bib/000012;;
                                    year:pdfs.bib/000008;;
                                    volume:pdfs.bib/000008;;
                                    number:pdfs.bib/000008;;
                                    pages:pdfs.bib/000008;;
                                    author:pdfs.bib/000008;;},
   colrev_data_provenance        = {file:pdfs.bib/000008;;
                                    doi:pdfs.bib/000008;;
                                    language:original|LanguageDetector;;
                                    fulltext:md_crossref.bib/000012;;
                                    abstract:md_crossref.bib/000012;;
                                    cited_by:md_crossref.bib/000012;;},
   colrev_pdf_id                 = {cpid2:87ffff1fffffff1ff47fff7fe0008307e000071fffffff07f1603f0ffd67fffff7ffffffe0000007e0000007e0000007fc4d59b7e3ffffffe03fffffffffffffe1ff0007e0000007e0000007e00080b7e0008007e0000007e0000007e0000007e0008007e000ffffe0008fffe000000ff00087ffffffffffffffffffffffffff},
   screening_criteria            = {NA},
   file                          = {data/pdfs/WagnerLukyanenkoParEtAl2022.pdf},
   doi                           = {10.1177/02683962211048201},
   author                        = {Wagner, Gerit and Lukyanenko, Roman and Par, Guy and Par√©, Guy},
   journal                       = {Journal of Information Technology},
   title                         = {Artificial intelligence and the conduct of literature reviews},
   year                          = {2022},
   volume                        = {37},
   number                        = {2},
   pages                         = {209--226},
   language                      = {eng},
   fulltext                      = {http://journals.sagepub.com/doi/pdf/10.1177/02683962211048201},
   abstract                      = {Artificial intelligence (AI) is beginning to transform traditional research practices in many areas. In this context, literature reviews stand out because they operate on large and rapidly growing volumes of documents, that is, partially structured (meta)data, and pervade almost every type of paper published in information systems research or related social science disciplines. To familiarize researchers with some of the recent trends in this area, we outline how AI can expedite individual steps of the literature review process. Considering that the use of AI in this context is in an early stage of development, we propose a comprehensive research agenda for AI-based literature reviews (AILRs) in our field. With this agenda, we would like to encourage design science research and a broader constructive discourse on shaping the future of AILRs in research.},
   cited_by                      = {8},
}

@article{ZviranErlich2003,
   colrev_origin                 = {lr_db.bib/Zviran2003;},
   colrev_status                 = {rev_synthesized},
   colrev_masterdata_provenance  = {journal:lr_db.bib/Zviran2003;;
                                    title:lr_db.bib/Zviran2003;;
                                    year:lr_db.bib/Zviran2003;;
                                    volume:lr_db.bib/Zviran2003;;
                                    pages:lr_db.bib/Zviran2003;;
                                    author:lr_db.bib/Zviran2003;;},
   colrev_data_provenance        = {file:lr_db.bib/Zviran2003;;
                                    colrev_pdf_id:file|pdf_hash;;
                                    doi:manual;;
                                    literature_review:manual;;},
   colrev_pdf_id                 = {cpid2:fffffffff80813fffffffffff07ffffff00fbffff000001ff032e11fffffffffff0000ffffc003fff8fffffff01ffffff8fffffff8affffff80ffffffffffffffffffffff8a24a5ff800000ff000001ff8fffffff80801fff87ffffff800001ff800001ff804f47ff800001ff000001ffbdffffffffffffffbbeffffffffffff},
   screening_criteria            = {NA},
   file                          = {data/pdfs/ZviranErlich2003.pdf},
   doi                           = {10.17705/1CAIS.01205},
   author                        = {Zviran, Moshe and Erlich, Zippy},
   journal                       = {Communications of the Association for Information Systems},
   title                         = {Measuring IS User Satisfaction: Review and Implications},
   year                          = {last year...},
   volume                        = {12},
   pages                         = {81--103},
   literature_review             = {yes},
}

@article{Zwass2003,
   colrev_origin                 = {lr_db.bib/Zwass2003;},
   colrev_status                 = {rev_prescreen_excluded},
   colrev_masterdata_provenance  = {journal:lr_db.bib/Zwass2003;;
                                    year:lr_db.bib/Zwass2003;;
                                    volume:lr_db.bib/Zwass2003;;
                                    pages:lr_db.bib/Zwass2003;;
                                    author:lr_db.bib/Zwass2003;;
                                    title:manual;;
                                    number:manual;;},
   colrev_data_provenance        = {file:lr_db.bib/Zwass2003;;
                                    colrev_pdf_id:file|pdf_hash;;
                                    doi:manual;;
                                    dblp_key:manual;;
                                    literature_review:manual;;},
   colrev_pdf_id                 = {cpid2:fffffffefffffffefffffffef80003fef80007fefffffffef93ffffef800001ef800003ef800001ef800001ef800003ef88ffffef80ffffeffbffffef800001ef800001ef800003ef800001ef800001ef800001ef800003ef800003ef800001ef800003ef800003ef800003ef800001ef8000ffeffff9ffefffff83efffffffe},
   screening_criteria            = {NA},
   file                          = {data/pdfs/Zwass2003.pdf},
   doi                           = {10.1080/10864415.2003.11044273},
   dblp_key                      = {https://dblp.org/rec/journals/ijecommerce/Zwass03a},
   author                        = {Zwass, Vladimir},
   journal                       = {International Journal of Electronic Commerce},
   title                         = {Electronic Commerce and Organizational Innovation - Aspects and Opportunities},
   year                          = {2003},
   volume                        = {7},
   number                        = {3},
   pages                         = {7--37},
   literature_review             = {yes},
}


@article{delAguilaBruquePadilla2002,
   colrev_origin                 = {lr_db.bib/Aguila2002;
                                    md_crossref.bib/000092;},
   colrev_masterdata_provenance  = {journal:lr_db.bib/Aguila2002;;
                                    title:lr_db.bib/Aguila2002;;
                                    year:lr_db.bib/Aguila2002;;
                                    volume:lr_db.bib/Aguila2002;;
                                    pages:lr_db.bib/Aguila2002;;
                                    author:lr_db.bib/Aguila2002;;
                                    number:md_crossref.bib/000092;;},
   colrev_data_provenance        = {file:lr_db.bib/Aguila2002;;
                                    language:LanguageDetector;;
                                    colrev_pdf_id:file|pdf_hash;;
                                    doi:md_crossref.bib/000092;;
                                    literature_review:manual;;},
   colrev_pdf_id                 = {cpid2:ffffffffffff0827ffffb7cff800000ffe00007ff06833fff04c43fff00007fff0fffffff1fffffff0000007f0000007f0000007f0000007f0000007f00243fff4fffffff0000007f01ffffffffffffff07ffffff0000007f0000007f0000007f0080007ffbfffffe0000007e0000007f0000007f0000007ffffffffffffffff},
   screening_criteria            = {NA},
   file                          = {data/pdfs/delAguilaBruquePadilla2002.pdf},
   doi                           = {10.1080/1097198X.2002.10856336},
   author                        = {del √Åguila, Ana R. and Bruque, Sebasti√°n and Padilla, Antonio},
   journal                       = {Journal of Global Information Technology Management},
   title                         = {Global Information Technology Management and Organizational Analysis: Research Issues},
   year                          = {2002},
   volume                        = {5},
   number                        = {4},
   pages                         = {18--37},
   literature_review             = {yes},
   language                      = {eng},
}

@article{vonKrogh2012,
   colrev_origin                 = {lr_db.bib/VonKrogh2012;
                                    md_crossref.bib/000093;},
   colrev_status                 = {md_needs_manual_preparation},
   colrev_masterdata_provenance  = {journal:lr_db.bib/VonKrogh2012;;
                                    year:lr_db.bib/VonKrogh2012;;
                                    volume:lr_db.bib/VonKrogh2012;;
                                    pages:lr_db.bib/VonKrogh2012;;
                                    author:lr_db.bib/VonKrogh2012;;
                                    title:md_crossref.bib/000093;;
                                    number:md_crossref.bib/000093;;},
   colrev_data_provenance        = {file:lr_db.bib/VonKrogh2012;;
                                    language:LanguageDetector;;
                                    colrev_pdf_id:file|pdf_hash;;
                                    doi:md_crossref.bib/000093;;
                                    literature_review:manual;;},
   colrev_pdf_id                 = {cpid2:ffffffffffffffffe3e003c3c2000043e2000043c0000003ffffffffc000009fe04fffffe1ffffffffffffffe7f1ffffe7f00003c3f00003c3f00003fff00003fff5fc47ffffffffe3ffffffe0000003c0000003c0000003e0000007c0000003c0000003e0000007ffffffffc0060203e07fffffe03fffffffffffffffffffff},
   screening_criteria            = {NA},
   file                          = {data/pdfs/vonKrogh2012.pdf},
   doi                           = {10.1016/J.JSIS.2012.04.003},
   author                        = {von Krogh, Georg},
   journal                       = {The Journal of Strategic Information Systems},
   title                         = {How does social software change knowledge management? Toward a strategic research agenda},
   year                          = {2012},
   volume                        = {21},
   number                        = {2},
   pages                         = {154--164},
   literature_review             = {yes},
   language                      = {eng},
}
