@book{buongiorno2003global,
  title={The global forest products model: structure, estimation, and applications},
  author={Buongiorno, Joseph and Zhu, Shushuai and Zhang, Dali and Turner, James and Tomberlin, David},
  year={2003},
  publisher={Elsevier}
}

@article{buongiorno2021gfpmx,
  title={GFPMX: A Cobweb Model of the Global Forest Sector, with an Application to the Impact of the COVID-19 Pandemic},
  author={Buongiorno, Joseph},
  journal={Sustainability},
  volume={13},
  number={10},
  pages={5507},
  year={2021},
  publisher={MDPI},
  doi = {10.3390/su13105507},
}

@misc{gusti2020g4m,
  title={G4M Model Documentation},
  author={Gusti, Mykola},
  year={2020},
  publisher={Laxenburg, Austria: International Institute of Applied Systems Analysis}
}

@article{jonsson2015global,
  title={The global forest trade model},
  author={Jonsson, Ragnar and Rinaldi, Francesca and San-Miguel-Ayanz, Jes{\'u}s},
  journal={Luxembourg: Publications Office of the European Union},
  year={2015}
}

@article{kallio2004global,
  title={The global forest sector model EFI-GTM—the model structure},
  author={Kallio, A Maarit I and Moiseyev, Alexander and Solberg, Birger and others},
  journal={European Forest Institute-Internal Report},
  volume={15},
  year={2004}
}

@book{mubareka2025,
  title        = {EU Biomass supply, uses, governance and regenerative actions},
  author       = {Mubareka, Sarah Betoul and Renner, Ansel and Acosta Naranjo, Rufino and Armada Bras, Teresa and Barredo Cano, Jose Ignacio and Blujdea, Viorel and Borriello, Antonio and Borzacchiello, Maria Teresa and Briem, Kathrin and Camia, Andrea and Canova, Michele and Cazzaniga, Noemi Emanuela and Ceccherini, Guido and Ceddia, Michele and Cerrani, Iacopo and Chiti, Tommaso and Colditz, Rene and De Jong, Beyhan and De Laurentiis, Valeria and Egea González, Francisco Javier and Ferrario, Vivianna and Fuhrmann, Marilene and García Casañas, Cristina and Garcia Herrero, Laura and Gautron, Solène and Gras, Michael and Guillen, Jordi and Gurria, Patricia and Hekim, Zeynep and Jonsson, Ragnar and Joosten, Hans and Korosuo, Anu and Kovacic, Zora and La Notte, Alessandra and Labonté, Claudette and Lasarte Lopez, Jesus and Lehtonen, Aleksi and Lugato, Emanuele and M'barek, Robert and Macias Moy, Diego and Magnolfi, Valeria and Mansuy, Nicolas and Merkel, Garry and Migliavacca, Mirco and Morel, Julien and Motola, Vincenzo and Omma, Elle Merete and Orza, Vasco and Paracchini, Maria Luisa and Patani, Selene and Perugini, Lucia and Pilli, Roberto and Piroddi, Chiara and Rebours, Celine and Rey, Ana and Rossi, Mattia and Rougieux, Paul and Sanchez Lopez, Javier and Scarlat, Nicolae and Schleker, Thomas and Serpetti, Natalia and Tandetzki, Julia and Tardy Martorell, Montserrat and Thomas, Jean Baptiste and Trombetti, Marco and Tuomisto, Hanna Leena and Velasco Gómez, Marcela and Virtanen, Jarno and Völker, Thomas and Yáñez Serrano, Paloma and Zepharovich, Elena and Zulian, Grazia},
  editor       = {Mubareka, Sarah Betoul and Renner, Ansel},
  year         = {2025},
  publisher    = {Publications Office of the European Union},
  address      = {Luxembourg},
  isbn         = {978-92-68-28281-6},
  issn         = {1831-9424},
  series       = {EUR 40342, OP KJ-01-25-316-EN-N (online)},
  url          = {https://publications.jrc.ec.europa.eu/repository/handle/JRC140117},
  doi          = {10.2760/6511190},
  note         = {JRC140117}
}

@www{pekka2023g4m,
  author = {Lauri, Pekka},
  title = {GLOBIOM-forest model},
  year = {2023},
  url = {https://github.com/iiasa/GLOBIOM_forest},
}

@book{rougieux2024,
  title        = {Simulating future wood consumption and the impacts on Europe's forest sink to 2070},
  author       = {Rougieux, Paul and Pilli, Roberto and Blujdea, Viorel and Mansuy, Nicolas and Mubareka, Sarah B},
  year         = {2024},
  publisher    = {Publications Office of the European Union},
  address      = {Luxembourg},
  url          = {https://publications.jrc.ec.europa.eu/repository/handle/JRC136526},
  note         = {Published: 2024-03-21},
}

@www{tifsm2025,
  author = {{TI-FSM}, Honkomp, Tomke and Morland, Christian and Schier, Franziska and Tandetzki, Julia }, 
  title = {GLOBIOM-forest model},
  year = {2025},
  url = {https://github.com/openjournals/joss-reviews/issues/8034},
}


